4444 5718
562 364 666 462 364‘
798 355 1134 470 lnoursrrro
1170 359 1412 435 Pursrcr
1455 377 1508 434 ra
1545 356 1785 433 Causam

397 525 469 602 Ca
487 546 521 600 1³.
557 515 713 602 leiitate,
735 530 847 592 tamen
862 513 938 592 cirm
963 511 1078 593 versus
1098 512 1254 612 Belgium
1277 513 1475 592 soederatum
1506 513 1607 592 Mare
1635 537 1717 600 mox
1743 513 1988 592 vehementer

411 623 507 700 Vlll.
557 619 735 701 dilatetur,
760 619 804 691 ab
827 613 888 690 isto
908 615 1037 690 alterno
1060 613 1169 689 Fluxu
1192 639 1232 688 ac
1256 613 1402 690 Refluxu
1437 614 1579 690 altitudo
1614 613 1721 690 ulans
1751 611 1786 687 in
1815 613 1960 689 Oceano

559 714 763 794 Germanico
785 714 974 789 senfihiliter
989 711 1109 788 mutari
1123 713 1248 808 nequit.
1300 713 1410 810 Atque
1425 715 1511 790 hanc
1531 716 1577 788 ob
1594 714 1722 790 causatu
1742 711 1840 786 statui
1855 734 1962 806 opor·
1983 803 1990 814 .

559 833 633 896 tet,
659 817 772 888 inhoc
798 813 889 888 Mari
902 811 1018 888 aeslum
1034 809 1194 906 proficisci
1210 809 1386 886 maximam
1403 829 1530 907 partem
1543 812 1585 886 ab
1611 812 1735 886 effluxu
1766 815 1803 888 dc
1830 809 1960 885 refluxu

561 938 659 1012 aquae
676 913 764 990 circa
779 911 939 992 Scotiam,
959 911 1016 986 ubi
1037 906 1298 985 communicatio
1321 909 1415 1003 hujus
1437 908 1545 988 Maris
1567 931 1643 986 curn
1669 908 1813 985 Oceano
1839 907 1959 982 Atlan-

561 1011 631 1087 tico
655 1013 760 1088 multo
785 1011 891 1102 maior
911 1026 1031 1107 patet3
1060 1032 1158 1105 quam
1180 1005 1375 1084 sententiam
1401 1033 1569 1106 magnope
1589 1034 1607 1083 e
1629 1006 1805 1085 confirmat
1834 1004 1959 1100 ingens

563 1110 700 1186 oesiuurn
718 1109 900 1186 retardatio
923 1110 967 1183 ad
994 1105 1106 1183 littora
1128 1106 1238 1190 Beleii
1265 1112 1301 1187 dt
1329 1108 1466 1202 Angliae
1490 1035 1661 1184 oriedatia
1688 1104 1882 1182 observata:
1914 1105 1959 1179 ad

563 1209 658 1285 Osiia
679 1208 805 1283 scilicet
821 1204 986 1282 Thamisrs
1015 1204 1176 1303 pertingit
1189 1204 1315 1284 Fluaur
1342 1207 1459 1296 elaphs
1485 1209 1549 1296 iarn
1573 1203 1753 1281 duodecim
1780 1202 1870 1278 horis
1885 1201 1959 1296 post

561 1305 731 1382 transtrum
764 1307 868 1380 Lunae
897 1329 955 1402 per
979 1304 1228 1387 meridianum,
1254 1317 1365 1403 atque‘
1395 1301 1586 1380 Londinum
1611 1305 1713 1400 usque
1755 1300 1859 1375 tribus
1886 1297 1956 1374 sere

563 1406 653 1480 horis
678 1403 802 1481 tardius
825 1402 1000 1492 desertur3
1024 1403 1118 1501 quod
1143 1404 1396 1480 Phaenomenon
1422 1404 1599 1478 consistere
1617 1425 1684 1474 non
1704 1399 1806 1497 posset
1828 1397 1851 1473 si
1872 1420 1957 1494 aqua

563 1527 623 1600 per
637 1499 757 1578 fretum
783 1499 949 1578 Gallicum
973 1499 1078 1577 solinu
1104 1519 1320 1581 moveretur,
1346 1502 1421 1578 cun
1447 1505 1511 1595 jam
1529 1501 1646 1598 inipso
1672 1495 1760 1574 sreto
1777 1496 1957 1574 duodecim

564 1601 655 1676 horis
672 1603 858 1676 retardetur
871 1598 1004 1676 Fluxus.
1054 1599 1193 1677 Interim
1215 1623 1328 1680 tamen
1343 1601 1461 1697 negari
1480 1623 1550 1674 non
1563 1600 1670 1695 potest
1697 1597 1775 1693 quin
1804 1617 1960 1671 commu·

565 1697 687 1774 nicatio
701 1697 811 1775 Maris
829 1698 1022 1780 Germanici
1045 1725 1120 1776 cum
1136 1702 1280 1778 Oceano
1295 1699 1469 1778 Atlantico
1492 1723 1552 1796 per
1575 1698 1694 1784 fretum
1721 1692 1884 1769 Gallicum
1901 1689 1961 1766 ars·

564 1813 633 1873 tum
659 1799 914 1892 quodammodo
939 1799 1086 1879 afficiat,
1107 1817 1208 1898 atque
1243 1799 1382 1876 Florum
1408 1800 1466 1897 qui
1494 1796 1583 1872 circa
1609 1794 1756 1871 scotiam
1783 1792 1961 1896 advehitur

562 1894 618 1970 vel
634 1895 769 1987 adjuvet
781 1902 836 1977 vel
856 1901 979 1981 turbet,
1000 1920 1098 1993 prout
1117 1900 1151 1973 hi
1176 1902 1277 1975 ambo
1302 1915 1410 1974 motus
1423 1900 1468 1973 ad
1491 1898 1591 1972 Mare
1607 1895 1805 1970 elevandum
1831 1917 1870 1968 ac
1900 1892 1964 1964 dc-

561 1993 771 2086 primendum
796 1999 852 2076 vel
876 1997 985 2090 magis
1009 1999 1095 2071 inter
1122 1998 1154 2069 se
1174 1998 1363 2094 conspirent
1388 1997 1443 2072 vel
1480 1996 1595 2070 minue
1615 1994 1718 2071 Simul
1742 2007 1850 2068 autem
1883 1990 1961 2065 hinc

563 2091 756 2189 intelligitur
770 2097 885 2174 aestum
911 2095 1076 2170 Marisex
1101 2093 1245 2170 Oceano
1270 2093 1439 2171 Atlantico
1454 2119 1562 2190 neque
1581 2119 1656 2170 cum
1681 2090 1772 2167 Mari
1785 2088 1961 2181 Uediter·

562 2213 666 2265 raneo
691 2215 801 2292 neque
827 2219 903 2271 cum
932 2193 1024 2269 Mari
1051 2189 1180 2268 Baltico
1203 2191 1444 2268 communicari
1468 2193 1581 2286 posse,
1606 2191 1681 2267 curn
1704 2191 1882 2266 intervallo
1903 2191 1959 2266 sex

562 2289 719 2366 horarum
746 2318 802 2386 per
827 2291 913 2369 sreta
933 2292 1101 2368 Herculea
1128 2297 1164 2370 de
1188 2291 1392 2368 Oresuudica
1422 2309 1548 2365 rantum
1572 2316 1668 2390 aquae
1695 2290 1729 2366 in
1757 2291 1830 2363 haec
1858 2295 1961 2370 maria

563 2411 673 2486 neque
686 2391 822 2467 affluere
836 2407 935 2490 queat
950 2399 1059 2490 neque
1087 2389 1165 2465 inde
1187 2389 1355 2471 refluere,
1394 2405 1431 2465 ut
1452 2389 1606 2467 senhbilis
1621 2389 1759 2467 mutatio
1789 2388 1824 2462 in
1850 2393 1963 2470 altitu-

562 2487 642 2560 dine
666 2513 763 2588 aquae
786 2490 865 2564 oriri
887 2507 994 2586 queat.
1044 2487 1273 2580 Quamobrem
1295 2488 1330 2560 in
1354 2489 1532 2564 istiusmodi
1557 2491 1700 2570 maribus
1725 2510 1800 2586 quac
1825 2492 1845 2562 ai
1868 2493 1961 2568 vaslo

563 2583 707 2661 Oceano
730 2600 857 2660 tantum
882 2584 1030 2682 angustis
1053 2585 1145 2661 sretis
1161 2585 1371 2680 separantur,
1396 2585 1492 2660 aeslus
1507 2587 1960 2686 omninonulluscontinge·

562 2705 599 2758 re
624 2683 761 2777 potest,
791 2683 850 2759 nist
876 2681 963 2760 sorte
979 2684 1055 2759 talia
1079 2682 1182 2756 maria
1202 2681 1318 2757 Terris
1343 2682 1462 2758 inclusa
1484 2683 1551 2780 ipsa
1573 2703 1640 2760 tarn
1669 2685 1731 2761 sint
1757 2683 1893 2780 amplas
1925 2701 1962 2761 ut
2093 2731 2096 2739 ι

562 2780 650 2860 vires
679 2779 826 2858 Solis'ac
850 2778 956 2858 Lunae
973 2781 1087 2874 aestum
1109 2777 1308 2877 peculiarem
1329 2779 1414 2855 iniis
1440 2784 1626 2878 producere
1655 2799 1808 2883 queant3
1834 2783 1903 2882 qud
1916 2784 1961 2860 de

562 2902 599 2955 re
631 2906 713 2958 mox
746 2880 942 2958 videbimus.

614 2981 647 3073 §.
677 3001 756 3064 1¹7·
808 2977 1101 3070 Quemadmodum
1130 2987 1240 3048 autem
1265 2974 1463 3053 vidimusin
1495 2976 1589 3072 Mari
1617 2979 1821 3056 Germanico
1849 2978 1961 3074 dupli-

563 3098 639 3151 cem
653 3076 793 3152 aeslumr
818 3098 958 3186 quorum
973 3073 1079 3156 alter,
1102 3071 1157 3170 qui
1169 3073 1303 3171 quidem
1315 3074 1419 3171 longe
1439 3075 1490 3150 est
1512 3079 1646 3159 minor,
1673 3101 1732 3174 per
1744 3077 1863 3152 fretum
1878 3075 1960 3154 Gal-

565 3173 689 3266 licum,
708 3173 791 3246 'alter
812 3193 901 3248 circa
926 3171 1073 3250 Scotiam
1102 3171 1277 3248 advehitur
1298 3197 1341 3248 ex
1365 3175 1487 3248 eodem
1517 3175 1661 3252 Oceano
1686 3174 1883 3250 Atlantico:
1917 3178 1963 3256 ita

566 3288 705 3369 propter
729 3268 928 3366 singularem
952 3272 1099 3348 littorum
1127 3271 1347 3368 quorumdam
1371 3272 1465 3347 snum
1488 3273 1650 3349 mirabilia
1678 3275 1963 3352 Phaeno'menaiu

566 3369 647 3447 aestu
669 3367 777 3446 Maris
801 3370 939 3448 evenire
964 3369 1102 3468 possunt.
1156 3365 1262 3460 Quod
1288 3366 1313 3443 fi
1344 3369 1432 3443 enim
1465 3369 1552 3447 littus
1581 3371 1763 3469 quodpiam
1793 3372 1839 3448 ita
1863 3369 1964 3465 suerit

566 3485 821 3565 comparatum,
846 3485 883 3544 ut
903 3469 1000 3546 aestus
1026 3469 1059 3542 in
1088 3466 1123 3540 id
1143 3465 1268 3562 duplici
1290 3467 1345 3544 vid
1365 3467 1420 3547 vel
1444 3493 1487 3546 ex
1510 3471 1633 3545 eodem
1650 3468 1818 3555 Oceano,
1841 3470 1899 3545 vel
1919 3493 1964 3545 err

566 3567 703 3647 diversis
723 3569 1010 3654 communicetur,
1033 3565 1159 3642 ratione
1182 3566 1368 3663 temporis,
1395 3592 1461 3663 quo
1478 3567 1623 3644 bintistr
1637 3569 1734 3646 aestus
1753 3565 1964 3648 adveniunt,

566 3666 713 3764 infigura
728 3666 956 3763 discrepantiae
980 3666 1059 3744 oriri
1088 3678 1254 3762 poterunt.
1306 3663 1394 3740 Nam
1421 3664 1445 3738 li
1472 3681 1716 3764 peratramque
1738 3665 1827 3743 viam
1841 3663 1967 3746 Fluxuc

568 3766 691 3840 eodem
705 3783 855 3863 tempore
869 3765 1080 3850 advehatur,
1107 3781 1205 3859 atque
1222 3764 1311 3837 adeo
1333 3762 1426 3840 fimul
1450 3759 1610 3840 Refiuxus
1632 3779 1845 3862 congruant,
1871 3763 1968 3846 aeslus

567 3864 673 3938 multo
684 3865 825 3958 majores
838 3863 976 3941 exiliere
990 3865 1170 3940 debebunt.
1224 3859 1283 3934 Sin
1305 3879 1414 3936 autem
1437 3884 1480 3954 eo
1504 3863 1684 3958 ternpore,
1706 3887 1775 3962 quo
1803 3887 1862 3959 per
1882 3863 1967 3942 alte·

569 3985 640 4039 tam
669 3963 757 4042 viam
782 3960 907 4039 Fluxus
935 3963 1096 4046 advenit,
1120 3981 1163 4034 ex
1190 3952 1296 4036 altera
1326 3958 1381 4038 vid
1406 3956 1568 4038 Refluxus
1593 3960 1744 4047 incidat,
1768 3976 1840 4038 tum
1854 3953 1964 4042 *uellus

568 4061 708 4139 omnino
723 4061 905 4138 destruetur
924 4057 1098 4161 siquidem
1119 4082 1178 4155 per
1191 4079 1366 4158 utramque
1380 4056 1468 4138 viam
1480 4084 1566 4160 aqua
1588 4060 1762 4160 aequaliter
1774 4063 1830 4138 vel
1852 4063 1963 4138 affluat

569 4163 625 4240 vel
639 4161 774 4239 defluat.
825 4159 956 4237 Adhuc
978 4163 1061 4237 veri>
1075 4181 1144 4234 uon
1158 4159 1274 4236 sufficit
1297 4161 1406 4235 arubae
1418 4156 1484 4236 viae
1504 4159 1570 4234 sint
1595 4161 1769 4260 aequales,
1795 4159 1966 4235 sedetiam

392 4345 398 4357 Ι
569 4259 746 4430 requiritur
772 4258 891 4338 urbini
916 4258 1012 4336 aestus
1026 4257 1195 4336 succeffivi
1216 4258 1277 4334 sint
1301 4257 1474 4357 aequales,
1505 4257 1541 4334 id
1566 4261 1659 4357 quod
1674 4261 1786 4340 evenit
1818 4256 1842 4332 si
1870 4255 1968 4335 Luna

462 4391 476 4404 ν
568 4383 612 4432 ve
651 4383 720 4434 non
744 4360 865 4437 habeat
893 4357 1181 4437 declinationem,
1208 4357 1264 4437 vel
1292 4355 1381 4434 littus
1413 4356 1448 4430 in
1478 4375 1649 4455 aequatore
1675 4354 1774 4434 suerit
1812 4355 1966 4454 positum

568 4451 675 4549 thd
694 4458 719 4532 si
739 4475 847 4534 autem
869 4461 992 4534 eadem
1012 4458 1136 4556 duplici
1161 4453 1464 4536 communicatione
1484 4451 1612 4552 pehti,
1641 4471 1712 4556 tam
1726 4455 1822 4534 Luna
1847 4457 1971 4534 habeat

575 4555 861 4643 declinationem,
886 4563 985 4656 quarn
1006 4559 1094 4640 littus
1114 4555 1305 4638 notabiliter
1317 4558 1365 4635 ab
1388 4573 1560 4652 aeqttatore
1575 4553 1615 4634 sit
1637 4573 1798 4640 motum,
1827 4571 1898 4668 tuor
1923 4555 1971 4629 ob

1887 4675 1972 4728 tuae·

1299 4900 1305 4912 .
1346 4817 1355 4880 l
