4470 5716
560 351 706 488 ¹rto
765 407 769 420 ·
836 348 1314 470 'Purrosorrrrn
1372 341 1774 474 Nr‘runrtrs

416 524 466 590 nr
485 516 665 600 Mur-tici
681 511 820 608 haberi
840 511 973 628 polsrt:
1002 513 1066 614 (¹¹)
1087 509 1294 628 praesertitn
1309 507 1338 592 sr
1353 534 1453 600 terra
1478 508 1593 626 pauli)
1610 505 1762 596 densior
1786 508 1830 594 fit
1845 487 1976 604 versuo

395 606 555 756 m*
585 631 746 750 planum
763 626 969 736 aequatoris
999 627 1120 738 quim
1141 629 1272 728 versus
1293 625 1417 740 polos.

642 741 736 836 Jam
755 741 851 832 veto
875 745 1104 830 Astronomi
1120 741 1239 852 aliqui
1264 741 1306 826 in
1332 740 1563 854 longinquas
1586 740 1765 851 regiones
1778 737 1827 826 ad
1852 737 1979 845 obser-¹

584 862 763 972 vationes
785 861 1060 946 astronomicas
1079 858 1277 946 faciendas
1296 859 1420 958 missi,
1445 860 1695 946 observarunt
1718 855 1826 970 quod
1861 857 1976 944 lroto-

580 977 686 1086 logia
716 976 944 1064 oscillatoria
970 976 1113 1063 tardilrs
1136 1000 1390 1065 moverentur
1426 1005 1548 1090 prope
1579 1001 1817 1082 aequatorem
1856 972 1976 1080 quim

580 1093 622 1178 in
645 1093 869 1202 regionibus
894 1095 1042 1180 nostris.
1079 1097 1130 1182 Et
1154 1091 1282 1209 primo
1311 1089 1475 1206 quidem
1500 1091 1554 1178 D.
1585 1093 1717 1178 Rr'clrer
1742 1091 1821 1178 hoc
1847 1089 1976 1176 obser·

436 1315 440 1325 Ι
580 1211 693 1298 vavit
722 1239 829 1302 anno
872 1217 992 1318 1672.
1017 1211 1060 1294 in
1087 1209 1208 1296 insuli
1234 1213 1419 1328 Cayerrnae.
1494 1211 1606 1310 Nam
1627 1208 1724 1292 dum
1753 1207 1972 1294 observaret
2061 1223 2063 1228 “

579 1331 777 1432 transtrum
804 1328 969 1417 fixarum
992 1358 1060 1442 per
1079 1324 1341 1412 meridianum
1364 1325 1495 1410 mense
1524 1326 1707 1523 Amph,
1736 1321 1878 1442 reperit
1900 1325 1976 1412 lto·

584 1443 783 1553 rologium
822 1447 933 1528 suum
964 1441 1106 1529 tardius
1128 1441 1286 1531 moveri
1314 1440 1432 1552 quim
1452 1474 1524 1570 pto
1548 1473 1615 1528 me
1646 1442 1685 1528 io
1712 1469 1822 1527 motu
1846 1439 1975 1538 Solis,

584 1561 770 1646 existente
808 1559 1025 1645 differentii
1058 1565 1106 1642 2¹.
1139 1557 1570 1667 28¹¹s1ngul'tsd1ebus.
1609 1558 1767 1644 Deinde
1791 1555 1975 1642 faciendo

584 1701 626 1761 ut
652 1673 866 1792 pendulum
891 1676 1053 1790 simplex
1086 1673 1135 1760 ad
1172 1674 1322 1759 minuta
1356 1673 1500 1782 singula
1524 1673 1690 1759 secunda
1720 1706 1788 1790 per
1815 1671 1979 1758 horolo-

438 1817 443 1834 ·
583 1792 694 1897 gium
728 1791 925 1908 optimum
938 1794 1151 1900 mensurata
1171 1789 1377 1888 oscitaret,
1407 1790 1861 1900 notavitlongitudinetn
1883 1819 1977 1907 pen-

484 2014 488 2022 ¹
583 1905 903 2023 dulifimplicis,
935 1916 977 1992 δι
993 1907 1073 1994 hoc
1089 1907 1183 1993 fecit
1207 1907 1341 2022 saepius
1359 1907 1514 2015 fingulis
1543 1907 1764 2024 septimanis
1787 1937 1978 2024 permen-

583 2022 641 2106 ses
667 2023 823 2109 decem.
863 2024 977 2108 Tum
993 2024 1032 2108 in
1058 2027 1226 2111 Galliam
1246 2023 1562 2120 redux,contulit
1586 2024 1875 2134 longitudinem
1902 2025 1978 2109 hu·

477 2211 482 2222 .
582 2135 641 2245 jus
668 2139 826 2256 penduli
851 2172 945 2225 curn
961 2140 1206 2248 longitudine
1220 2139 1379 2259 penduli
1393 2140 1605 2226 Parisr‘ensts
1623 2156 1740 2253 (quae
1764 2167 1843 2226 etat
1860 2139 1978 2230 trium

582 2256 731 2370 pedum
750 2255 1035 2354 Paristensrum‚
1064 2264 1106 2341 dt
1124 2263 1232 2346 utto
1255 2255 1445 2345 lineatum
1465 2287 1558 2342 cum
1574 2259 1692 2343 tribus
1725 2257 1870 2362 quintis
1897 2287 1979 2372 pat-

582 2371 683 2476 ribus
711 2370 860 2477 lineae)
891 2379 932 2457 dr
949 2371 1089 2489 reperit
1106 2372 1332 2464 breviorem
1351 2376 1448 2478 else,
1482 2374 1668 2462 existente
1688 2371 1906 2462 differendi
1932 2373 1977 2456 li-

581 2505 666 2574 neae
688 2486 802 2574 unius
831 2518 925 2574 cum
953 2489 1179 2602 quadrante.
1375 2567 1380 2576 .

642 2603 776 2690 Postea
795 2607 962 2718 Hulleius
983 2611 1107 2694 noller
1133 2606 1236 2692 circa
1264 2635 1412 2694 annum
1443 2619 1551 2714 1677
1578 2606 1626 2691 ad
1649 2605 1811 2692 insulam
1840 2609 1977 2694 Sanr‘lae

581 2723 731 2828 Helene
763 2722 986 2828 navigans,
1029 2722 1169 2835 repetit
1198 2723 1451 2831 horologium
1478 2725 1589 2808 suum
1614 2723 1889 2810 oscillatorium
1922 2725 1979 2810 ibi

580 2836 723 2948 tardius¹
750 2839 906 2927 moveri
937 2837 1056 2947 quim
1082 2842 1240 2926 Londim'
1261 2841 1289 2938 ,’
1319 2837 1386 2926 sed
1419 2837 1680 2926 differentiam
1710 2867 1791 2928 non
1812 2842 1977 2930 notavit.

579 2953 803 3040 Pendulum
831 2953 927 3039 veri)
951 2954 1108 3043 brevius
1131 2954 1303 3040 reddidit
1334 2955 1536 3070 plusquam
1556 2956 1693 3044 0&an
1709 2981 1814 3074 parte
1840 2956 1975 3065 digiti,

388 3075 392 3082 ’
534 3093 546 3126 ·
578 3072 642 3165 seu
667 3069 769 3156 lineri
797 3069 1160 3156 undeumsernille.
1206 3069 1324 3158 Etad
1344 3073 1424 3156 hoc
1448 3071 1728 3172 efficiendum,
1757 3071 1853 3159 clun
1889 3074 1978 3162 lon-

579 3185 716 3290 gitudo
745 3186 920 3273 cochleae
951 3181 992 3269 in
1014 3187 1093 3270 imi
1109 3210 1216 3302 parte
1247 3187 1409 3303 penduli
1433 3218 1515 3273 non
1541 3189 1758 3290 sufficeret,
1787 3193 1976 3282 annulum

578 3299 760 3414 ligneum¹
781 3301 908 3388 tlrecae
936 3303 1112 3413 cochleae
1138 3297 1370 3420 &ponderi
1397 3303 1571 3419 pendulo
1593 3304 1832 3422 interposuit.
1881 3295 1884 3302 ¹

639 3415 798 3509 Deinde
822 3449 925 3502 anno
952 3417 1075 3506 1682.
1106 3417 1159 3505 D.
1181 3427 1306 3508 Varin
1334 3429 1375 3504 dt
1407 3419 1460 3508 D.
1489 3426 1570 3506 Der
1600 3427 1724 3536 Hayot
1745 3419 1976 3514 invenerunt

578 3529 869 3640 longitudinem
893 3535 1052 3652 penduli
1069 3537 1224 3644 srngulis
1240 3536 1400 3624 minutis
1414 3536 1592 3622 secundis
1609 3540 1816 3628 oscillantis
1843 3543 1884 3628 in
1901 3546 1977 3631 ob·

578 3651 788 3738 servatorio
811 3650 919 3760 tegio
947 3651 1141 3738 Parisrenst
1163 3653 1242 3740 else
1274 3651 1364 3772 ped.
1393 3683 1429 3762 3.
1449 3651 1517 3740 lin.
1542 3668 1597 3761 83.
1628 3657 1681 3742 Et
1697 3658 1738 3740 in
1755 3658 1875 3745 insulsi
1902 3665 1976 3750 θοι

578 3771 643 3850 red
669 3766 808 3854 eidem
827 3769 1018 3856 methodo
1029 3769 1319 3877 longitudinem
1342 3769 1502 3886 penduli
1514 3772 1726 3886 synchroni
1742 3773 1977 3868 invenerunt

578 3881 657 3967 else
686 3883 777 3997 ped.
807 3917 842 3990 3.
871 3883 937 3972 lin.
958 3899 1031 3992 63,
1068 3885 1255 3972 existente
1282 3884 1571 3994 longitudinum
1608 3888 1826 3980 differentii
1846 3895 1915 3982 lin.
1938 3931 1977 3984 2.

579 3995 634 4083 Et
661 4000 806 4086 eodem
833 4031 937 4090 anno
964 4000 1013 4086 ad
1035 3999 1173 4087 insulas
1210 4005 1492 4120 Gradalouparn
1521 4011 1562 4090 ὅ(
1586 4011 1834 4096 Martinicam
1860 4013 1974 4096 navi-

576 4138 710 4218 gantes
731 4175 741 4214 ,
771 4114 1005 4228 invenerunt
1019 4113 1308 4227 longitudinem
1323 4115 1483 4238 penduli
1505 4122 1720 4238 synchroni
1740 4125 1782 4210 in
1797 4127 1857 4212 his
1875 4129 1974 4214 insu·
2033 4231 2037 4238 ⁴

528 4229 1080 4350 ‚mffifflgfflff
1594 4265 1598 4276 ·
1876 4251 1884 4260 '

1808 4359 1976 4449 Posthac

414 4673 416 4678 ·
451 4665 502 4748 ξς.
615 4653 745 4751 (ψ
783 4659 959 4754 Pjraesmr'mfi
977 4684 1057 4728 tetra.
1100 4661 1136 4734 lu
1152 4681 1188 4734 eo
1206 4659 1344 4748 liquidem
1360 4661 1423 4734 orsu
1441 4663 1967 4753 minuldiamettotumdifferrotiam

571 4739 742 4824 pllendrmus
758 4747 773 4820 (
792 4761 821 4802 tn
838 4765 918 4828 prop.
939 4764 1021 4828 praec·
1037 4753 1054 4826 )
1228 4765 1233 4774 ·
1498 4780 1512 4806 s
1887 4767 1892 4777 ’
