4406 5708
338 383 620 459 Faunos
661 397 732 454 sc
781 364 1152 454 Reeuuxos
1202 374 1444 454 Mrrt'rs.
1535 397 1605 477 353

218 539 279 618 nris
304 535 386 616 verb
409 536 452 610 ad
474 551 611 620 ventum
630 531 686 652 bic
712 529 922 628 respicimus,
947 556 1015 629 quo
1038 530 1135 610 aesius
1160 530 1204 607 M
1216 530 1268 606 nis
1289 530 1364 606 edm
1384 533 1513 608 ratione
1533 559 1605 609 ma·
1640 537 1674 632 *C
1687 559 1710 613 t
1724 563 1754 618 r.

218 632 405 734 gnitudinis
430 632 499 706 tlrm
523 631 684 725 temporis
705 628 876 726 plurimum
898 628 987 705 allici
1010 629 1227 711 observatur,
1245 628 1302 703 sed
1317 628 1443 705 tantirm
1465 633 1606 724 ejusmm
1668 635 1742 714 Vll,

127 795 131 800 .
172 733 176 740 '
221 735 256 810 di
269 734 492 829 phaenomena
506 728 674 822 explicare
690 729 748 804 hic
768 725 990 808 conabimur,
1012 750 1088 823 quae
1108 727 1611 823 memoratisperturbationibus

224 830 357 905 minime
369 827 432 902 lint
457 824 615 900 obnoxia.

222 991 227 998 .
277 928 312 1020 §.
342 944 421 998 roo.
441 921 545 1015 Quod
568 920 669 1017 igitur
692 921 736 996 ad
761 917 898 1013 primam
921 917 1049 995 classem
1070 919 1217 1005 attinet,
1239 923 1442 1018 praecipuum
1462 917 1612 996 Phoeno·
1718 984 1719 988 ,

224 1043 356 1098 menum
379 1019 413 1092 in
437 1019 503 1092 hoc
524 1018 702 1100 consistit,
741 1013 834 1114 qudd
864 1016 988 1112 ubique
1014 1015 1049 1090 in
1077 1019 1270 1110 amplissrmo
1299 1017 1441 1096 Oceano
1462 1019 1612 1114 quotidie

225 1116 295 1194 bini
319 1115 426 1192 Maris
438 1113 562 1192 Florus
586 1115 640 1190 seu
655 1112 883 1198 elevationes,
906 1115 1043 1211 binique
1063 1113 1224 1190 Reslurrus
1241 1115 1295 1189 seu
1309 1115 1529 1212 depressores
1551 1118 1612 1190 ob·

222 1211 413 1296 serventur,
435 1229 533 1309 atque
547 1229 677 1308 tempus
692 1208 778 1284 inter
797 1211 895 1302 binos
914 1207 1038 1286 Fluxus
1063 1211 1257 1288 successtvos
1269 1210 1399 1288 circiter
1419 1213 1515 1289 tab
1538 1215 1609 1307 24'.

151 1379 155 1384 .
223 1311 498 1407 deprehendatur.
539 1308 629 1386 Huic
655 1307 738 1384 verb
760 1308 1014 1384 Phaenomeno,
1038 1308 1061 1382 fi
1086 1308 1143 1383 ulli
1168 1309 1248 1389 alii,
1267 1331 1327 1403 per
1351 1310 1512 1386 theoriam
1534 1311 1611 1386 nos·
1676 1328 1680 1335 '

224 1421 309 1483 tram
331 1404 506 1502 plenissime
527 1407 574 1482 esl
587 1402 781 1482 satisfactum
796 1449 808 1488 ‚
826 1403 882 1478 ubi
897 1404 1102 1481 ostendimus
1126 1404 1303 1482 maximam
1328 1418 1427 1502 aquae.
1447 1407 1611 1485 elevatio·

224 1527 303 1581 nem
328 1504 443 1580 deberi
469 1505 616 1579 transitui
637 1504 743 1576 Lunae
771 1527 831 1598 per
853 1501 1070 1576 meridianum
1092 1519 1159 1578 tam
1181 1502 1274 1596 supra
1299 1507 1395 1599 quim
1413 1503 1497 1578 insra
1515 1505 1609 1578 Ter-

223 1621 321 1678 ram:
341 1625 386 1678 ex
409 1626 476 1698 quo
501 1599 576 1676 cltm
593 1597 688 1678 Luna
708 1601 776 1674 und
798 1597 1007 1682 revolutione
1027 1599 1145 1674 diurnd
1158 1599 1208 1675 bis
1225 1602 1269 1675 ad
1292 1601 1433 1688 ejusdem
1449 1601 1514 1678 loci
1541 1609 1611 1676 me·-

103 1697 106 1706 '
223 1699 386 1776 ridianum
412 1700 555 1795 appellat
571 1685 746 1772 intervallo
759 1695 919 1792 temporis
942 1695 1074 1772 circiter
1095 1719 1148 1776 12.
1170 1697 1341 1792 hur.24¹,
1367 1697 1543 1775 necessaris
1563 1699 1612 1772 sa·

225 1796 335 1894 quitur
354 1795 422 1871 und
440 1793 650 1872 revolutione
671 1791 776 1870 Lunae
791 1793 879 1869 circa
892 1792 1034 1869 Terram
1058 1790 1156 1870 binos
1181 1791 1304 1871 Fluxus
1318 1809 1414 1870 tattto
1427 1800 1612 1891 tempored

225 1897 259 1968 se
286 1891 430 1967 invicem
458 1892 578 1968 dissitos
596 1890 675 1966 oriri
700 1893 849 1970 debere,
876 1891 1156 1990 quemadmodum
1179 1891 1246 1967 hoc
1261 1891 1366 1987 ipsum
1381 1894 1527 1970 calculus
1545 1907 1613 1968 tam

224 2015 290 2094 pro
303 1989 475 2086 lrypothesr
499 2014 595 2088 aquae
615 1987 732 2063 inertis
754 1986 918 2072 carentis,
941 1988 1039 2083 quim
1053 1986 1192 2064 admissa
1205 1988 1348 2071 inertia,
1374 1987 1542 2070 clerillimb
1563 1992 1613 2062 in·
1723 2023 1725 2030 >

227 2089 362 2178 dicavit,
413 2087 514 2165 Simul
538 2109 648 2161 autem
675 2109 717 2160 er
743 2084 857 2161 iisdem
885 2083 1214 2160 determinationibus
1240 2083 1434 2178 intelligitur
1460 2085 1518 2161 sub
1538 2087 1614 2182 ipsrs
1697 2173 1698 2178 η

225 2183 312 2280 polis
337 2183 459 2260 nullum
487 2185 624 2256 omn'no
650 2183 762 2256 aestum
790 2183 862 2260 dari
881 2185 1034 2258 diurnum
1057 2231 1068 2267 ,
1102 2181 1136 2253 in
1156 2179 1349 2277 regionibus
1372 2181 1455 2260 verb
1484 2185 1614 2278 dpolis

223 2301 296 2366 ‚non
323 2280 440 2374 procul
459 2281 611 2363 remotis,
633 2277 690 2354 ubi
712 2279 883 2354 luminaria
908 2279 963 2356 vel
979 2300 1048 2351 non
1074 2279 1224 2354 oriuntur
1248 2279 1304 2354 vel
1328 2303 1397 2352 non
1421 2282 1613 2366 occidunt,

226 2378 379 2472 quotidie
403 2401 505 2452 unum
525 2391 654 2451 tantum
678 2371 820 2452 Florum
842 2373 1041 2467 unicumque
1055 2372 1232 2450 Reflurrum
1245 2376 1443 2470 contingere
1463 2377 1615 2472 deberer

227 2494 304 2568 quae
329 2471 565 2572 consequentia
586 2470 753 2554 theoriae,
775 2469 833 2546 erst
847 2469 1133 2550 observationibus
1152 2471 1300 2548 nondum
1313 2473 1613 2572 satiseslcompro-

155 2631 157 2639 ,
226 2567 325 2672 bata,
357 2585 468 2648 tamen
490 2567 565 2668 quia
580 2594 624 2647 ex
645 2567 757 2644 iisdem
784 2567 953 2664 principiis
976 2570 1119 2664 sequitur
1140 2593 1215 2666 quae
1229 2569 1383 2648 institutis
1410 2573 1614 2651 observatio·

225 2667 324 2744 nibus
346 2667 572 2773 satisfaciant,
593 2666 672 2744 nulli
690 2663 829 2764 ampliss
857 2665 961 2740 dubio
986 2665 1141 2761 subjecta.
1158 2665 1295 2742 videtur.
1327 2670 1371 2742 In
1397 2670 1479 2744 locis
1505 2689 1614 2745 aurem

227 2766 390 2860 aequatori
414 2763 653 2861 propioribus,
681 2765 799 2860 quibus
814 2762 963 2860 quotidie
989 2765 1058 2839 bini
1080 2763 1203 2863 Fluxus
1223 2765 1432 2862 totidemque
1453 2766 1614 2842 Reslurrus

227 2857 416 2945 eveniunt,
461 2877 683 2949 momentum,
714 2885 782 2959 quo
803 2885 888 2956 aqua
914 2862 1059 2939 maxime
1084 2857 1277 2955 deprimitur
1303 2883 1374 2958 non
1401 2861 1473 2939 satis
1496 2862 1614 2940 exstit

228 2957 374 3032 medium
396 2959 591 3053 interjacere
620 2957 809 3034 observatur
828 2959 917 3034 inter
938 2955 1102 3034 Fluxuum
1123 2975 1312 3042 momenta,
1334 2961 1391 3034 sed
1413 2987 1493 3038 mox
1521 2965 1615 3056 prio·

228 3055 256 3130 ri
278 3079 359 3133 mox
389 3052 563 3155 posteriori
589 3055 637 3130 est
653 3055 812 3150 propius,
845 3058 937 3153 quod
963 3063 1223 3132 Pbaenomeuum
1244 3079 1321 3130 cum
1341 3058 1462 3142 rnollrd
1485 3058 1617 3134 theoria

227 3152 376 3251 apprime
407 3150 596 3247 congruir3
635 3153 838 3228 ostendimus
862 3151 951 3225 enim
977 3171 1180 3229 momentum
1208 3152 1373 3231 Refluxris
1407 3178 1477 3230 non
1497 3156 1614 3232 exacte

228 3251 373 3348 tempori
399 3253 511 3326 medio
528 3248 613 3326 inter
627 3249 758 3346 ,Fluxus
782 3250 1006 3344 respondere,
1033 3249 1093 3326 nist
1117 3248 1367 3326 vellocussrtus
1381 3250 1419 3328 stt
1436 3253 1491 3326 sub
1505 3277 1616 3349 :cqua-

226 3343 325 3423 tore,
348 3351 404 3434 vel
422 3346 529 3424 Lunae
549 3347 730 3424 declinatio
752 3347 850 3450 suerit
864 3347 954 3424 nella
970 3392 982 3433 ,
1000 3349 1060 3425 sed
1083 3343 1197 3422 mods.
1211 3345 1314 3443 priori
1328 3345 1431 3421 modrl
1455 3349 1616 3445 posterio-

227 3446 258 3544 ri
277 3442 397 3524 Fluxui
414 3445 476 3521 esse
501 3443 645 3541 propius.
956 3489 959 3498 ·

279 3545 310 3636 §.
333 3565 411 3618 ror.
435 3543 622 3621 Secundum
646 3537 908 3622 Pbaenomenum
928 3546 995 3621 huc
1023 3542 1134 3628 redit,
1156 3561 1192 3621 ut
1217 3543 1345 3641 ubique
1364 3543 1513 3619 locorum
1539 3539 1617 3616 Flu·
1677 3553 1691 3640 ᾗ

229 3661 291 3720 xus
313 3639 386 3739 poll
407 3643 573 3720 transitum
602 3641 708 3740 Lunae
730 3665 791 3740 per
816 3644 1028 3719 meridianum
1051 3646 1162 3719 tenire
1189 3645 1405 3718 observetur,
1429 3640 1531 3736 idque
1557 3639 1616 3716 ali,

230 3757 313 3832 quot
336 3740 489 3816 horarum
512 3739 641 3838 spatio,
662 3740 697 3813 iu
722 3743 880 3836 portubus
905 3740 1018 3818 versirs
1046 3761 1195 3836 apertum
1217 3738 1392 3814 Oceanum
1413 3737 1614 3831 patentibus.

231 3833 320 3910 Nam
345 3835 378 3908 in
405 3836 598 3930 regionibus
619 3861 694 3933 quae
706 3845 782 3913 cum
807 3840 950 3916 Oceano
970 3861 1039 3912 non
1052 3837 1216 3916 liberrime
1228 3833 1531 3917 communicantur,
1558 3833 1616 3908 sed

229 3935 277 4022 ad
299 3957 381 4030 quas
399 3955 485 4026 aqua
512 3937 606 4028 juxta
624 3935 735 4008 littora
756 3934 881 4012 deferri
906 3937 1033 4011 debet,
1052 3937 1157 4010 multo
1183 3929 1309 4010 rardibs
1335 3931 1433 4008 aelius
1460 3929 1616 4011 advenit,

230 4053 308 4132 qvae
331 4029 511 4105 retardatio
525 4031 550 4103 ti
571 4027 642 4104 serb
666 4032 709 4105 ad
737 4055 781 4110 η
805 4034 902 4108 horas
928 4032 1095 4116 ascendit,
1122 4034 1158 4108 iu
1180 4029 1348 4108 causaesse
1371 4027 1476 4108 solet,
1499 4043 1538 4134 Ψ
1555 4025 1616 4133 btt-

165 4143 167 4146 ’
230 4125 374 4224 jusmodi
400 4125 436 4200 iu
454 4126 535 4202 locis
557 4125 681 4206 Florus
702 4145 779 4204 ante
802 4130 967 4204 transitum
987 4125 1090 4202 Lunae
1161 4127 1419 4206 rmeridianum
1435 4141 1617 4198 ventrem·

231 4232 359 4302 deatur.
408 4222 457 4300 lta
477 4227 520 4301 ad
545 4227 681 4302 Portum
706 4222 835 4302 Gratiae
859 4224 966 4306 videri
986 4221 1088 4319 pollet
1141 4231 1237 4304 luxus
1263 4222 1392 4317 altoris
1414 4219 1522 4290 Lunae
1545 4216 1616 4291 cul·

232 4323 445 4400 minationem
470 4324 696 4405 antecedere,
720 4324 794 4397 ciam
807 4339 948 4400 tamen,
974 4344 1009 4396 re
1023 4318 1345 4398 ben'econsrderatd,
1366 4321 1385 4390 a
1406 4313 1625 4411 praecedente
1655 4321 1660 4336 “

233 4420 465 4496 culminatione
487 4421 631 4498 oriatur,
654 4432 753 4515 atque
767 4421 853 4496 adeo
879 4443 989 4516 eamq
1013 4416 1083 4494 sere
1105 4418 1194 4493 horis
1211 4421 1344 4494 demum
1369 4412 1544 4509 sequatur,
1563 4410 1617 4494 uti

186 4604 192 4610 ,
232 4515 405 4615 apparebit
428 4519 601 4596 defluum
612 4533 805 4628 momenta,
826 4541 901 4616 quae
919 4515 1097 4686 successqu
1111 4516 1155 4588 ad
1168 4508 1467 4592 littoraBritanuiae
1479 4507 1618 4680 miuoqq

932 4653 935 4660 ’
989 4697 1006 4720 ,2
1088 4634 1167 4712 ΥΞ
