4486 5720
545 367 615 447 aro
746 359 835 433 Da
877 357 1115 434 'Causa
1162 353 1475 432 Patarea
1524 351 1811 436 Funxur

545 515 701 610 Corpora
726 529 929 590 tamennon
961 511 1032 587 sunt
1055 511 1136 586 ideo
1164 509 1273 588 minito
1299 510 1423 612 gravia.
1456 509 1527 588 Sint
1548 511 1605 610 qui
1627 512 1764 590 asserant
1791 516 1944 608 Corpora

467 635 473 650 ·
544 611 637 687 nullo
663 610 797 708 impulsu
825 627 880 688 aut
901 611 935 688 vi
962 611 1102 687 externa
1132 653 1144 691 a
1175 611 1232 688 sed
1260 607 1293 686 vi
1312 609 1457 710 quadarn
1479 609 1645 688 innatare
1665 609 1781 688 mutuo
1806 631 1943 709 appete·

546 730 618 797 re;
658 707 773 784 veritur
802 733 871 784 non
890 733 1023 807 aequum
1056 707 1104 784 est
1126 710 1242 786 horum
1269 706 1392 785 somnia
1412 710 1542 787 veritati
1566 711 1709 787 afficere.
1747 709 1814 787 Alii
1836 713 1944 789 statim
1980 775 1982 782 s

544 805 743 904 confugiant
770 809 814 883 ad
841 807 1070 884 immediatum
1094 805 1235 904 supremi
1258 806 1413 883 Auctoris
1439 808 1635 906 imperium,
1675 809 1724 886 ast
1749 831 1859 908 neque
1880 814 1944 887 ho-

545 929 618 980 rum
644 904 747 981 nimia
767 903 934 981 festinatio
956 909 1132 1005 probanda
1158 909 1225 1000 estr
1257 927 1365 1002 neque
1391 905 1520 982 illorum
1545 905 1710 984 saslidiunr
1734 907 1791 1004 qui
1810 921 1862 984 tot
1883 933 1943 985 na·

549 1019 633 1078 turae
656 1001 850 1079 testimoniis
865 1026 934 1076 non
950 1007 1124 1080 attendunt
1146 1004 1301 1102 quoniam
1326 1003 1607 1102 causagravitatis
1620 1007 1668 1081 est
1681 1003 1827 1084 obscura.
1881 1007 1945 1083 vit

548 1099 722 1198 'gravitatis
745 1099 792 1176 esi
820 1101 917 1177 nobis
946 1099 1035 1180 adeo
1057 1102 1243 1184 familiaris,
1268 1103 1401 1200 ejusque
1426 1105 1572 1181 mensura
1591 1104 1678 1180 adeo
1693 1127 1754 1202 pro
1768 1121 1944 1200 comperto

548 1201 708 1285 habetur,
732 1218 768 1275 ut
781 1199 845 1276 hac
863 1199 909 1275 ad
926 1199 1008 1280 alias
1031 1201 1122 1279 vires
1142 1201 1352 1278 aestimandas
1374 1197 1445 1280 sere
1462 1203 1595 1302 semper
1614 1219 1768 1296 utamur;
1789 1226 1888 1299 quam
1909 1203 1944 1278 in

550 1297 683 1382 Colis,
710 1323 779 1373 non
809 1297 916 1374 minias
948 1304 1046 1399 quim
1072 1299 1105 1372 in
1133 1298 1252 1376 Terris
1271 1295 1459 1387 dominari,
1489 1299 1724 1380 &secundom
1751 1315 1873 1374 certam
1895 1301 1944 1375 le·

548 1421 627 1493 gem
668 1398 785 1494 augeri
818 1400 855 1476 &
879 1397 982 1474 minui
1007 1397 1314 1479 demonstrantur
1340 1398 1478 1476 eximius
1501 1415 1593 1476 tanta
1620 1423 1694 1474 curn
1723 1395 1888 1478 evidentia
1907 1413 1943 1474 ut

553 1501 715 1596 majorem
737 1492 854 1572 fruma
875 1495 1042 1596 destderes
1054 1496 1089 1571 in
1101 1498 1205 1575 ardua
1220 1497 1255 1572 δι
1270 1495 1396 1574 difficili
1410 1498 1475 1576 hle
1496 1495 1715 1595 Philosophiae
1728 1509 1841 1596 parte,
1869 1519 1944 1594 quae

554 1593 599 1668 de
623 1615 732 1668 rerum
758 1594 862 1668 caufia
885 1593 967 1691 agit.
1244 1615 1270 1644 -·
1732 1637 1736 1643 ·
1873 1633 1877 1638 ·

600 1692 830 1766 Ncwuouus
857 1705 1055 1790 argumento
1077 1690 1233 1790 singulari
1253 1693 1420 1775 ostendit,
1448 1691 1577 1773 Lunam
1595 1691 1708 1792 urgeri
1724 1688 1839 1771 vertirs
1864 1715 1946 1768 cen·

552 1803 640 1866 trum
653 1789 783 1866 ›Terrae
811 1789 844 1868 vi
865 1815 941 1888 quae
973 1793 989 1884 (
1013 1791 1128 1868 habita
1155 1792 1284 1868 ratione
1299 1791 1553 1888 distantiarum)
1573 1819 1649 1872 curn
1673 1791 1838 1884 gravitate
1860 1794 1946 1864 Cor·

553 1909 674 1982 porum
693 1887 893 1964 terrestrium
921 1889 1019 1986 plane
1046 1889 1228 1986 congruit3
1265 1891 1356 1990 quali
1381 1893 1523 1968 Terram
1539 1893 1652 1972 versun
1668 1891 1798 1968 Lunam
1824 1889 1945 1986 pariter

553 1987 668 2086 urgeri
688 2011 789 2088 aequo
809 1989 882 2081 jure
907 1987 1106 2064 censendum
1130 1987 1187 2061 est.
1227 1985 1311 2063 Cum
1326 1989 1456 2087 Corpus
1469 1991 1604 2104 aliquod
1619 1984 1735 2069 versirs
1756 1989 1846 2064 aliud
1873 1987 1946 2080 pel·

551 2084 662 2167 titur,
697 2086 777 2162 inde
814 2082 947 2183 quidem
969 2085 1059 2162 haud
1083 2083 1226 2184 sequitur
1244 2087 1311 2162 hoc
1337 2087 1450 2165 versirs
1475 2089 1556 2184 illud
1579 2090 1670 2165 fimus
1694 2085 1816 2182 urgeri.
1875 2083 1946 2159 Ve-

553 2183 628 2262 rirm
648 2185 731 2286 quid
750 2184 797 2259 de
823 2179 991 2280 gravitate
1015 2179 1202 2278 Corporum
1221 2183 1403 2263 coeleslium
1420 2185 1626 2282 sentiendum
1651 2187 1720 2268 sit,
1742 2207 1786 2260 ex
1807 2181 1847 2257 iit
1868 2205 1945 2278 quae

552 2300 726 2382 comperta
747 2283 820 2360 sont
841 2285 887 2360 de
904 2279 1070 2375 gravitate
1086 2279 1274 2378 Corporum
1296 2281 1494 2360 terrestrium
1518 2283 1691 2384 (aliisque
1716 2280 1841 2360 viribus
1857 2277 1946 2353 nui·

552 2381 704 2478 libuo)o
726 2378 1048 2478 timedignoscitur3
1074 2376 1150 2454 cum
1164 2403 1223 2474 per
1237 2381 1324 2458 hanc
1337 2384 1381 2458 ad
1403 2382 1492 2462 illam
1503 2384 1749 2478 agnoscendam
1761 2380 1947 2460 ducamur,

553 2480 684 2578 sintque
704 2407 939 2559 irhaenoneoa
961 2475 1101 2554 omnino
1139 2475 1262 2556 srmilia.
1308 2483 1416 2557 Mons
1441 2482 1642 2580 gravitat'in
1662 2479 1834 2557 Terram,
1860 2471 1946 2555 &si

553 2576 664 2655 Tetra
690 2602 760 2656 non
780 2593 918 2674 urgeret
930 2593 1078 2652 montem
1094 2573 1129 2652 vi
1142 2575 1262 2675 aequali
1287 2583 1324 2656 δι
1344 2579 1537 2659 contraria,
1562 2579 1671 2654 Terra
1694 2582 1713 2652 a
1736 2591 1849 2650 monte
1869 2571 1945 2669 pul·

553 2684 587 2758 sa
618 2696 776 2776 pergeret
799 2701 874 2756 cum
900 2691 993 2750 motu
1019 2672 1205 2751 accelerato
1229 2672 1265 2749 in
1280 2675 1451 2752 infinitum.
1492 2675 1599 2756 Porro
1612 2677 1711 2752 slatus
1725 2671 1862 2768 cujusvis
1887 2669 1967 2769 sy·'·

551 2778 697 2857 sternatis
720 2775 948 2874 Corporum(
971 2773 991 2847 i.
1005 2797 1035 2846 e.
1058 2785 1166 2846 motus
1187 2773 1293 2850 centri
1308 2775 1512 2873 gravitatis)
1538 2773 1717 2852 necessario
1733 2773 1883 2847 turbatur
1898 2770 1942 2845 ab

549 2879 645 2954 omni
667 2879 798 2957 antone
818 2875 959 2954 coinon
984 2869 1120 2967 aequalis
1143 2869 1179 2946 8(
1203 2873 1366 2949 contraria
1388 2873 1438 2949 est
1452 2873 1562 2973 aliqua
1587 2870 1732 2955 reontio,
1751 2867 1797 2945 ita
1823 2882 1860 2944 ut
1885 2865 1944 2946 vix

457 3049 463 3057 .
552 2977 736 3076 quidquam
750 2995 897 3072 perenne
923 2985 978 3044 aut
1000 2967 1154 3044 constans
1169 2967 1236 3046 dici
1256 2969 1352 3068 possit
1369 2970 1404 3045 in
1429 2972 1604 3072 systemate
1623 2969 1734 3046 srhoec
1762 2966 1816 3044 lex
1829 2966 1943 3042 locum

553 3098 624 3149 non
653 3075 783 3150 habeat.
808 3067 961 3167 Csrmque
988 3063 1109 3140 Terra
1131 3085 1253 3164 partes-
1269 3070 1315 3144 ita
1346 3068 1469 3167 semper
1498 3071 1585 3146 inse
1611 3066 1725 3144 mutuo
1752 3080 1882 3160 agant,
1905 3075 1943 3138 ut

555 3190 667 3250 motus
696 3170 801 3247 centri
834 3163 1008 3264 gravitatis
1039 3160 1159 3241 Terrae
1189 3165 1370 3242 nullatenus
1394 3171 1542 3245 turbetur
1566 3174 1586 3243 a
1609 3164 1728 3240 mutuis
1753 3160 1943 3260 Corporum

552 3285 610 3347 aut
634 3269 804 3368 agentium
830 3286 1102 3370 quorumcunque
1126 3263 1336 3340 conflictibus
1364 3310 1377 3345 ,
1408 3265 1474 3343 srue
1504 3265 1593 3342 intra
1606 3266 1672 3342 srue
1692 3275 1790 3338 extra
1808 3256 1942 3346 superfi-

554 3368 641 3444 ciem
666 3369 824 3459 fitorum3
849 3365 1032 3460 eademque
1059 3359 1116 3434 lex
1139 3361 1289 3436 obtineat
1315 3361 1350 3434 in
1377 3364 1500 3442 viribus
1526 3360 1750 3458 magnetica,
1776 3356 1942 3436 eluelricis

554 3465 633 3540 aliis
649 3475 715 3544 ue,
741 3465 825 3541 teste
839 3455 1073 3558 experientia,
1093 3459 1163 3551 jure
1177 3459 1347 3533 concludit
1364 3463 1577 3542 Newrouus
1586 3461 1714 3538 Lunam
1730 3482 1799 3534 non
1813 3453 1944 3532 tantum

539 3564 591 3639 ‘in
641 3585 773 3648 errem,
795 3559 851 3637 sed
871 3561 957 3634 hanc
979 3579 1116 3654 quoque
1128 3555 1162 3628 in
1181 3555 1268 3632 illam
1283 3560 1477 3652 gravitate,
1498 3567 1534 3640 δι
1557 3579 1731 3655 utramque
1751 3554 1840 3631 circa
1854 3579 1945 3631 com·

556 3671 654 3736 mune
681 3677 832 3738 centrum
852 3657 1022 3753 grauitatis
1046 3655 1201 3738 moueri,
1227 3655 1307 3730 dum
1334 3657 1400 3734 hoc
1424 3675 1575 3735 centrum
1601 3659 1691 3735 circa
1717 3655 1818 3730 totius
1842 3653 1945 3754 syste-

556 3759 652 3838 matis
674 3769 827 3836 cantrum
849 3754 1024 3850 gravitatis
1040 3755 1139 3845 (a.)
1162 3751 1319 3832 continui>
1344 3755 1536 3834 revolvitur.
1593 3813 1596 3820 ·

606 3855 830 3938 Gravitatem,
856 3853 988 3954 caeterie
1013 3851 1171 3948 paribus,
1197 3854 1480 3948 proportionalem
1505 3853 1570 3931 esse
1599 3849 1772 3954 quantitati
1797 3845 1944 3953 materiae

556 3955 670 4030 solidae
684 3949 872 4048 Corporist
891 3947 1125 4048 accuratilsnna
1143 3952 1268 4025 docent
1283 3950 1538 4050 experimenta3
1560 3955 1742 4052 idemque,
1771 3951 1791 4026 ὲ
1814 3943 1942 4024 calculo

554 4051 728 4152 gravitatis
757 4049 943 4146 Corporum
970 4047 1150 4126 coelestium
1176 4055 1441 4144 comprobatum
1483 4051 1562 4153 quin
1585 4052 1782 4150 gravitatem
1809 4063 1945 4211 qupque
2063 4137 2065 4142 ἢ

531 4177 533 4182 .
564 4193 569 4208 .
1913 4159 1947 4211 ur

555 4162 1948 4308 -p--a--r--r--u-n--u-——ss--n-ae--u-efl·

564 4374 580 4398 .,
599 4337 614 4405 (
624 4333 670 4400 a)
690 4323 826 4404 suspicari
845 4323 912 4385 licet
929 4321 1052 4400 aliquam
1070 4321 1241 4398 obliquitatis
1266 4321 1410 4403 Eelipticae
1425 4328 1610 4392 venationem
1628 4365 1639 4397 ‚
1668 4328 1705 4386 de
1720 4331 1773 4402 qua
1791 4322 1884 4399 sermo
1905 4318 1968 4396 est..

558 4401 632 4487 apud
651 4409 851 4476 astronomos,
872 4425 907 4468 ex
926 4425 1007 4470 moto
1025 4404 1098 4466 Solis
1117 4401 1190 4464 circa
1206 4420 1333 4466 centrum
1346 4405 1497 4482 s‘ysteuratis
1514 4409 1601 4472 oriri:
1618 4405 1725 4468 indicio
1741 4405 1796 4474 erit
1813 4407 1886 4467 hanc
1900 4399 1943 4462 es·

558 4489 586 4551 se
610 4485 789 4568 Phonomeni
810 4487 940 4576 causam,
955 4483 983 4578 ,fi
997 4484 1150 4554 constiterit
1168 4483 1249 4565 illan!
1267 4485 1452 4556 variationem
1470 4488 1633 4578 analogiam
1651 4488 1761 4569 seruare
1780 4507 1845 4566 qum
1866 4499 1945 4550 motu

557 4571 634 4640 loris
652 4569 828 4634 planetarum
845 4585 973 4633 matrem.
1062 4573 1065 4584 '
