4444 5718
386 359 650 444 Fuoxus
702 383 766 444 no
814 359 1208 446 Romami-tre·
1248 357 1492 450 Mnatr.
1576 359 1648 456 3⁶5

232 517 494 620 inaequalitatem
509 517 666 602 binorum
682 520 820 598 aestuum
843 520 909 596 sele
937 517 1204 618 insequentium,
1232 513 1357 593 Florus
1371 517 1514 610 maiores
1537 539 1581 593 err
1595 515 1643 592 al·
1678 519 1801 629 Gan,

234 618 305 692 tera
334 618 390 697 vid
419 617 660 703 advenientes,
689 620 890 719 superabunt
915 616 1078 695 Reflurrus
1103 615 1385 694 minoreceodztn
1405 630 1555 710 temprre
1579 639 1642 710 pet
1686 617 1787 717 lillis

236 713 375 790 alteram
396 715 483 793 viam
511 714 645 804 lacior,
669 737 768 817 atque
779 717 1043 816 boemodo'ln
1062 713 1248 792 talilittore
1277 713 1413 810 fingulir
1438 713 1555 790 diebus
1570 737 1639 790 non
1698 713 1721 740 ¹·

239 811 310 886 bini
325 811 352 888 F
353 815 475 893 luxus,
501 815 556 890 sed
574 841 658 894 unus
672 826 796 892 tantem
812 816 970 932 aecidet3
989 818 1141 911 hancque
1154 813 1316 888 minoem
1331 812 1455 908 allegat
1466 809 1638 888 Nurrro·

238 929 312 985 trus
332 911 429 990 aenns
450 913 534 990 illius
556 909 730 1019 unguinis
754 911 929 1014 Tunqnnt
954 910 1136 998 obserrati.
1163 911 1221 987 ubi
1243 907 1386 1007 stLuna
1408 909 1442 984 in
1464 927 1636 1082 aeqrratore

238 1007 411 1095 versatur,
435 1011 541 1088 nullus
556 1012 651 1114 aestpn
675 993 962 1107 deprehenditur,
988 1011 1034 1087 stn
1055 1019 1164 1198 aquu
1179 1007 1273 1084 Luna
1294 1009 1416 1085 babeat
1436 1009 1500 1084 dec
1513 1007 1636 1083 irratio·

240 1125 346 1184 nem,
369 1109 486 1184 unicus
504 1125 572 1203 taut
654 1111 721 1186 und
746 1105 852 1188 Luoae'
876 1109 1086 1186 revolutione
1134 1107 1201 1183 'ca
1227 1103 1373 1183 Terram
1425 1103 1499 1182 Nos
1527 1121 1638 1180 autem

241 1225 324 1316 mox
351 1205 446 1375 hqius
464 1120 849 1391 ιιιίιιρὶέἓὲικηοτῃεήὶ
862 1207 962 1284 aliam
976 1207 1083 1304 magis
1096 1203 1304 1290 naturalem
1327 1157 1513 1307 unitaeque
1538 1202 1639 1280 theo·

240 1322 573 1387 rtaeconormemrrr
1112 1375 1166 1402 f.
1371 1355 1377 1371 .

290 1401 323 1487 l.
341 1401 419 1476 118.
445 1398 619 1480 Hadlenus
641 1387 915 1492 aebmeManm
941 1391 1223 1505 quemadmodum
1245 1399 1289 1474 in'
1304 1395 1499 1498 ampliffitno
1522 1397 1638 1478 Ocea·

241 1500 325 1570 noa
350 1498 474 1576 viribus
490 1501 534 1574 ad
550 1497 677 1578 Lunam
701 1521 741 1574 ac
767 1493 1118 1576 solemmacenrmm
1140 1499 1346 1594 producatur
1372 1543 1384 1583 ‚
1419 1513 1521 1594 atque
1542 1495 1636 1575 vario

238 1595 386 1672 littorum
403 1596 465 1672 litu
488 1594 564 1697 cirtp
587 1595 717 1674 ratione
733 1595 925 1694 quantitatis
948 1595 1020 1672 tirm
1040 1597 1269 1674 retardationis
1283 1595 1507 1674 diverfimode
1523 1595 1636 1670 turbe·

238 1707 316 1772 tur,
340 1693 446 1770 sumus
472 1693 718 1792 contemplati,
743 1717 853 1793 neque
867 1695 995 1774 neceffe
1018 1694 1080 1771 elle
1096 1692 1253 1770 duximus
1267 1705 1444 1773 ventorum
1463 1691 1634 1790 Mariique

237 1790 385 1869 cursuum
410 1793 617 1890 propriorum
641 1789 802 1872 rationem
828 1793 974 1871 habere:
997 1792 1073 1886 edm
1100 1789 1173 1867 satie
1200 1815 1341 1889 pronum
1355 1789 1415 1896 lit)
1423 1788 1636 1885 perspicere,

238 1890 414 1988 quomodo
439 1887 491 1965 his
516 1894 614 1970 tebtrs
637 1890 735 1967 aestus
761 1888 948 1969 Maristam
973 1887 1090 1990 augeri
1118 1888 1174 1968 vel
1189 1889 1347 1972 diminui.
1374 1889 1472 1987 quim
1498 1887 1633 1964 accele·
1775 1921 1778 1924 ·

237 1985 302 2062 rari
321 1988 376 2063 vel
400 1989 561 2065 retardati
589 1971 716 2071 debeat.
755 1991 909 2100 Superest
932 1989 1032 2088 igitur
1056 2003 1093 2064 ut
1117 2011 1325 2086 exponamur
1350 2035 1360 2069 .
1404 1985 1579 2086 quomodo
1599 1985 1633 2062 in

236 2083 311 2159 satis
330 2085 442 2180 amplo
464 2088 572 2164 tractu
598 2077 731 2168 Maris,
756 2108 813 2184 qut
835 2090 879 2162 ab
902 2088 1045 2164 Oceano
1071 2084 1126 2163 vel
1140 2083 1281 2162 omnino
1301 2084 1349 2158 eil
1363 2081 1549 2181 blundus,
1576 2083 1633 2161 vel

236 2182 484 2280 perangustum
500 2183 628 2262 tantitm
650 2181 799 2262 canalem
823 2185 1048 2280 conjunctus,
1075 2183 1250 2278 peculiaris
1264 2179 1393 2258 aettust
1418 2181 1543 2262 vitibus
1564 2178 1632 2258 Lu·

235 2305 291 2356 nae
312 2301 353 2356 ac
373 2279 458 2356 Solis
482 2283 623 2376 produci
645 2294 756 2381 queat.
795 2277 1013 2378 Perspicuum
1029 2279 1216 2363 enimest,
1240 2275 1352 2354 srtalis
1374 2281 1498 2359 tractus
1516 2281 1630 2356 secun·

236 2375 317 2452 ditm
342 2375 588 2472 longitudinem
608 2381 694 2456 ultra
715 2400 764 2474 90
783 2375 905 2473 gradus
932 2379 1067 2475 pateat:
1108 2373 1225 2476 aelium
1246 2374 1319 2473 pari
1340 2377 1447 2456 modo
1473 2377 1629 2474 generari

180 2526 183 2534 ‚
237 2475 389 2556 debere,
414 2496 455 2550 ac
480 2474 515 2549 in
537 2475 731 2575 amplilsrmo
756 2475 919 2560 Oceano,
950 2476 1008 2592 qui
1022 2477 1136 2552 'totam
1155 2473 1305 2550 tellurem
1330 2471 1455 2551 ambire
1482 2474 1627 2571 ponitur.

235 2569 325 2647 Nam
340 2571 499 2668 quoniam
514 2575 665 2650 extensio
680 2589 772 2650 tanta
794 2571 867 2657 est,
890 2590 926 2650 ut
946 2597 1035 2653 vttes
1051 2571 1156 2649 Lunae
1170 2571 1300 2652 &Solis
1314 2571 1403 2648 ineo
1415 2573 1521 2651 traditi
1534 2573 1627 2652 limul

236 2667 416 2746 maximam
443 2693 483 2748 ac
497 2671 674 2750 minimam
693 2687 789 2770 aquae
811 2669 1020 2750 altitudinem
1048 2669 1210 2748 inducere
1285 2685 1389 2754 eant.
1419 2671 1555 2750 necelle
1575 2673 1637 2750 eit

235 2768 362 2851 etiam,
384 2781 421 2842 ut
444 2791 529 2866 aqua
548 2768 660 2846 alioin
685 2770 763 2844 loco
777 2769 1094 2850 raommelevetm.
1122 2768 1222 2868 inque
1236 2793 1254 2844 a
1269 2767 1301 2844 io
1314 2785 1443 2848 tantum
1456 2769 1626 2869 deprima-

236 2879 313 2945 tur,
338 2879 496 2960 quantum
520 2865 639 2950 lieret,
662 2864 765 2942 stille
786 2868 1061 2944 traduc-omnino
1090 2891 1160 2944 non
1182 2866 1259 2946 eiset
1274 2866 1477 2946 terminatur.
1529 2869 1576 2944 At
1598 2871 1624 2947 sr
1760 2907 1762 2911 2

234 2963 297 3038 iste
316 2960 518 3041 traductam
542 2961 640 3042 fiterit
661 2987 783 3059 parvus
805 2981 842 3041 ut
859 2966 998 3064 singulae
1021 2983 1132 3064 partes
1148 2966 1332 3062 aequalibus
1347 2961 1416 3044 fere
1429 2965 1554 3044 viribus
1575 2969 1622 3044 fi-

234 3061 303 3138 mul
316 3058 573 3140 velattollantur
594 3061 650 3140 vel
668 3060 892 3159 deprimantur
906 3105 922 3142 ι.
946 3065 1037 3140 nulla
1059 3063 1216 3140 lensrbilie
1236 3063 1373 3142 mutatio
1396 3063 1474 3140 oriri
1487 3067 1637 3160 poterinss

233 3161 330 3258 Aqua
343 3155 433 3231 enim
455 3183 524 3236 uno
543 3159 579 3236 in
597 3159 677 3238 loco
704 3161 810 3238 attolli
833 3159 947 3259 nequit
977 3159 1038 3236 nist
1052 3160 1085 3234 in
1114 3160 1181 3236 alio
1207 3161 1347 3239 sublidat
1366 3165 1404 3242 δι
1427 3167 1570 3243 enutrio
1598 3164 1638 3246 stt

233 3255 370 3356 quidem
395 3255 512 3334 eadem
534 3283 633 3360 aquae
658 3257 758 3354 copia
784 3259 819 3334 in
846 3283 890 3334 eu
915 3259 1023 3336 traditi
1049 3256 1230 3356 perpetuo,
1249 3259 1470 3340 conservetur.
1512 3259 1637 3359 Atque.

233 3357 308 3430 lraec
325 3349 372 3426 eli
396 3355 483 3431 ratio
509 3375 546 3434 ut
572 3364 608 3432 in
632 3353 725 3430 Mari
754 3353 909 3440 Baition,
944 3353 1090 3450 Caspio,
1115 3353 1252 3452 Nigro,
1275 3355 1413 3452 aliisque
1441 3356 1623 3437 minoribus

231 3453 372 3530 lacubus
393 3453 499 3530 nullus
523 3454 661 3530 omnino
682 3452 780 3530 aenus
803 3454 1085 3550 deprehendatur.
1351 3503 1354 3510 ι
1407 3477 1410 3490 ·
1633 3496 1636 3504 ·

280 3550 312 3644 §.
337 3569 412 3645 rrq.
451 3547 559 3647 Qudd
575 3551 602 3628 fi
626 3566 738 3628 autern
764 3549 943 3628 illiusmodi
968 3550 1077 3628 Maris
1097 3547 1221 3627 manu
1248 3565 1373 3626 tantum
1397 3549 1535 3648 spatium
1558 3575 1621 3630 oc·

232 3661 357 3818 quqete
375 3661 419 3814 tut
432 3651 526 3818 tuires
552 3649 745 3821 attqqlentqu
767 3651 802 3728 dt
827 3648 1048 3823 depqiqrentes
1074 3648 1397 3820 interqlrtemitatiquc
1429 3647 1635 3822 senibffiffi*

258 3765 372 3818 teran
467 3769 500 3820 m
682 3769 700 3820 e
804 3765 874 3820 nn
1117 3770 1153 3820 tn
1220 3767 1566 3820 erexrmoee
1773 3807 1775 3812 .

232 3839 268 3914 in
291 3772 468 3936 alteroiqni¹
487 3771 716 3941 deiriiritaiurs
742 3763 800 3920 iiii
815 3771 924 3918 eiiari
935 3769 1180 3921 iindiieiintia
1207 3770 1293 3920 imit
1313 3769 1407 3941 aqueae
1432 3773 1651 3921 atririiineit·

231 3953 324 4015 tanta
344 3935 407 4014 lit,
432 3959 553 4036 quanta
573 3944 607 4016 in
632 3957 750 4038 aperto
776 3939 919 4018 Oceano
939 3941 1048 4019 eidem
1073 3941 1195 4018 virium
1215 3937 1415 4016 differentiae
1433 3943 1634 4040 respondet·v

230 4033 461 4128 Quamobrem
484 4037 613 4114 deliniri
633 4038 844 4120 conveniet,
884 4055 1008 4151 quanta
1023 4038 1059 4116 in
1084 4035 1222 4118 diversis
1245 4035 1365 4114 Tetrae
1390 4039 1474 4113 locis
1499 4040 1621 4114 eodem

230 4148 383 4232 tempore
406 4130 439 4206 in
460 4135 687 4212 altitudinibus
713 4159 810 4232 aquae
834 4139 853 4210 i
878 4137 1003 4213 vtribue
1032 4135 1138 4212 lunae
1161 4158 1202 4210 ac
1229 4133 1316 4213 Solis
1346 4137 1486 4230 produci
1509 4152 1620 4235 queat.

229 4227 283 4304 Ne
305 4247 416 4307 autem
439 4233 583 4309 calculus
607 4231 743 4308 nimium
759 4232 817 4307 fiat
833 4233 1001 4328 prolixus,
1027 4233 1126 4308 lolam
1154 4233 1263 4308 Lunae
1281 4233 1350 4312 vim
1366 4233 1399 4306 in
1428 4252 1631 4330 computum.

232 4326 414 4408 ducemus,
442 4329 565 4430 quippe
593 4356 668 4430 quae
689 4327 764 4408 vim
785 4328 869 4407 Solis
896 4331 1033 4407 multum
1059 4329 1222 4422 excedit3
1248 4335 1284 4410 dr
1311 4328 1468 4427 quoniam
1495 4329 1621 4410 efferto
1776 4361 1781 4366 ·

231 4423 336 4500 Lunae
350 4428 492 4522 cognito
509 4429 668 4508 tacileell
683 4427 769 4506 Solis
793 4423 948 4507 effectum
964 4427 1159 4506 aestimando
1173 4425 1229 4508 rel
1251 4425 1395 4524 adjicere
1410 4429 1469 4509 vel
1482 4431 1619 4508 auferre

306 4620 491 4697 Tmetrr.
940 4596 1155 4709 ω’
1281 4665 1283 4670 ,
1547 4623 1615 4702 tte-

600 1330 609 1378 r
675 1306 942 1410 imusfdausatn„
