4470 5716
625 369 702 489 66
875 373 1807 524 Pur'rosorrrrrr‘Ntrurrrrs

420 556 592 702 ‘lustr
799 610 1233 751 rnorosrrro
1263 627 1372 717 xv.
1401 629 1784 722 unornane
1814 633 1851 722 1.
1897 583 1902 592 ’

439 739 535 784 MATR·

925 814 1093 910 lno'enlre
1118 829 1256 916 orbium
1271 831 1481 952 principales
1505 834 1706 922 diametros.

678 1017 889 1136 Capiendae
920 1025 1005 1108 sunt
1021 1010 1139 1110 hae'in
1163 1026 1312 1112 ratione
1340 1026 1669 1142 subsesquipticata
1686 1049 1910 1145 tempotum
1936 1059 2007 1146 pe-

620 1138 888 1236 riodicorum,
914 1169 975 1258 per
996 1171 1091 1258 prop.
1121 1171 1192 1226 xv.
1214 1146 1281 1227 lib.
1303 1173 1327 1228 r.
1355 1144 1437 1244 (b)
1472 1141 1630 1229 Deinde
1648 1143 1840 1250 srgillatim
1866 1175 2010 1254 augen-

589 1314 592 1324 2
620 1258 680 1340 dae
705 1254 747 1336 in
768 1253 915 1340 rarione
932 1257 1092 1341 summm
1111 1253 1315 1342 massarum
1331 1255 1433 1344 Solis
1446 1265 1486 1341 bt
1507 1259 1668 1374 planeta
1684 1259 1868 1373 cujusque
1882 1256 2009 1348 revol·

619 1368 746 1458 ventis
760 1367 810 1454 ad
825 1369 992 1486 primam
1010 1369 1174 1458 duarum
1191 1371 1322 1457 medie
1341 1375 1687 1492 proportionalium
1701 1378 1798 1464 inter
1814 1379 2007 1464 sununam
2122 1421 2128 1428 ·

613 1486 725 1572 illam
756 1493 799 1570 ὃ(
828 1483 990 1585 solem,
1016 1516 1076 1604 per
1091 1497 1191 1608 prop,
1219 1519 1294 1575 tx.
1321 1485 1382 1578 lib.
1412 1522 1437 1596 r,
1990 1503 1993 1534 ²

1853 1607 2007 1708 PRO·⁴

484 2095 544 2184 7⁴³
605 2053 678 2194 {ll
698 2045 1281 2206 sltffrllllzldl‘ltffllzrsstt
1338 2047 1480 2188 llll?
1481 2067 1560 2196 'llll
1560 2046 2043 2210 ¹⁸⁹1ltll¹¹l⁰tld“ltsstt,

418 2219 425 2228 “
516 2219 519 2228 ’
566 2193 572 2224 ⁴
616 2235 679 2276 rum
697 2212 736 2272 ita
754 2231 810 2274 non
831 2208 1045 2280 determinari,
1076 2226 1105 2268 ut
1120 2209 1225 2269 nutatio
1241 2215 1282 2270 A·
1337 2215 1590 2284 ortopelrmlzre
1632 2207 1802 2271 authoritari.
1853 2210 1908 2280 sed
1936 2215 2004 2273 edm

489 2337 494 2342 -
615 2294 703 2374 phelli
725 2292 754 2350 in
769 2289 879 2370 lingulis
898 2289 995 2352 orbitae
1013 2289 1134 2368 partibus
1151 2289 1280 2350 observa·
1337 2291 1511 2355 Neurorvus
1529 2292 1666 2353 brevitate
1691 2290 1737 2350 sua
1763 2290 1935 2352 occasionem
1954 2291 2004 2350 de-

615 2375 693 2437 tione
716 2371 896 2440 obtineatur;
915 2368 976 2432 imo
996 2367 1056 2448 post
1073 2371 1163 2448 plures
1181 2369 1281 2430 dunta-
1337 2373 1411 2432 derit
1431 2373 1469 2434 V.
1491 2371 1536 2432 Ill.
1554 2370 1665 2432 dicendi
1683 2409 1694 2442 ,
1725 2389 1789 2430 eunt
1810 2373 1886 2432 nullo
1904 2372 2002 2431 sunda·

535 2519 537 2524 ,
613 2475 660 2516 xat
691 2449 877 2516 revolutiones
897 2447 958 2509 saris
984 2449 1044 2510 turb
1074 2447 1189 2530 Aphelii
1216 2471 1280 2529 pro·
1332 2459 1436 2515 'mento
1456 2459 1588 2528 metuque
1611 2449 1771 2531 apparentia
1788 2451 2000 2530 proportionem

610 2537 732 2617 gressum
744 2529 863 2593 inveniri
872 2567 882 2597 ‚
902 2529 966 2608 ipsae
977 2531 1109 2593 Methodi
1122 2529 1159 2590 ad
1175 2533 1279 2592 easob-
1338 2539 1430 2593 moult
1449 2534 1637 2612 Apheliorum
1654 2531 1767 2592 statuisse
1775 2569 1786 2601 ,
1807 2535 1938 2596 hutnore
1959 2534 2001 2611 ip-

614 2616 782 2677 terrationes
803 2609 933 2672 adhibita
961 2611 1087 2681 docem,
1119 2610 1214 2680 ltine,
1244 2613 1280 2672 ad
1337 2612 1465 2676 ninum
1479 2633 1545 2675 eum
1566 2632 1683 2694 purgare
1703 2614 1734 2672 &
1755 2613 2001 2682 veritae&Corn-,

611 2693 819 2759 observationes
846 2709 1000 2770 provocare
1023 2711 1080 2754 non
1111 2689 1177 2751 licet
1197 2711 1226 2750 ut
1245 2691 1279 2750 il·
1337 2695 1497 2756 mentatotis
1517 2694 1638 2754 officium
1658 2679 1838 2772 postulabadi.

607 2780 668 2838 lant
700 2771 873 2836 rurationem
894 2772 939 2831 vel
959 2789 1056 2832 veram
1078 2772 1124 2830 vel
1151 2769 1279 2832 {illirium
1377 2777 1446 2852 (b)
1468 2776 1733 2856 Deluddſsglllaelm·
1757 2777 1820 2835 Jam
1841 2773 1912 2853 capti
1940 2775 2000 2836 sunt

609 2859 663 2918 else
680 2857 832 2935 probetur,
851 2849 985 2928 liquidem
1005 2851 1209 2913 observationes
1227 2855 1279 2916 hdc
1335 2855 1446 2916 orbium
1466 2875 1530 2916 axes
1549 2861 1666 2934 majores
1678 2855 1706 2913 in
1724 2857 1831 2918 ratione
1851 2855 2000 2932 subsesqui-

545 2997 552 3006 ,
608 2939 645 2998 de
662 2955 694 2999 re
707 2936 778 2997 nihil
793 2935 896 2998 docere
913 2953 961 2997 nus
974 2930 1086 3010 possunt.
1330 2937 1436 3012 'plicata
1464 2956 1624 3016 temporum
1643 2935 1870 3011 periodicorum,
1892 2938 1997 3016 nempe

648 3017 736 3080 Addit
752 3019 841 3085 verbe,
860 3017 937 3074 tellus
958 3015 1004 3074 ubl
1019 3019 1049 3074 r'n
1067 3014 1172 3097 Aphelio
1186 3012 1277 3092 verse-
1336 3019 1409 3078 nulla
1433 3017 1527 3078 habiti
1548 3017 1655 3076 ratione
1673 3016 1828 3086 ,massarum
1839 3053 1850 3085 ,
1880 3016 1997 3096 planttae

561 3133 564 3138 ·
605 3121 651 3161 rur
665 3095 929 3180 loomtquerespellu
956 3098 1065 3156 Zodlaet'
1087 3097 1216 3178 precedit,
1236 3117 1277 3158 re·
1334 3095 1447 3174 spectari
1473 3098 1531 3158 sunt
1547 3113 1678 3171 tanquam
1695 3095 1814 3157 totidem
1842 3097 1941 3173 ponera
1967 3099 1997 3158 iu

606 3184 768 3246 traheretur,
797 3176 833 3240 6*
849 3195 938 3237 eontra
954 3193 1148 3258 promoveretur
1164 3178 1211 3235 ubl
1225 3182 1276 3240 lu·
1334 3177 1468 3255 elllplibus
1488 3178 1561 3238 circa
1580 3177 1732 3237 immotum
1747 3177 1776 3237 in
1788 3177 1922 3240 umbilico
1938 3177 1994 3240 So-

602 3267 672 3344 piter
695 3263 812 3322 tellurem
870 3257 1012 3324 erederet,
1044 3258 1123 3324 unde.
1145 3262 1272 3336 gravitas
1301 3257 1305 3272 '
1330 3255 1363 3314 lis
1381 3275 1508 3318 centrum
1529 3256 1713 3319 revolventia.
1763 3257 1905 3328 Quoniam
1928 3261 1998 3319 verb

604 3347 746 3404 conuersos
769 3277 873 3421 effelliil
897 3339 1044 3420 produceret
1072 3357 1131 3397 aare
1160 3335 1196 3399 ὰ
1220 3355 1253 3420 po
1305 3335 1360 3394 ·fir
1379 3355 1407 3398 ut
1424 3357 1537 3416 propter
1547 3337 1660 3400 Solis&
1673 3335 1917 3414 planeteattiones
1933 3359 1996 3400 mu·

606 3425 810 3496 eonjrurtlr'onrm
829 3419 941 3479 Telluris
962 3413 998 3480 ὁ·
1017 3421 1091 3482 lovis
1111 3439 1120 3487 3
1143 3415 1272 3476 srinhoc
1329 3436 1406 3487 tuas,
1436 3419 1546 3496 planeta
1567 3416 1682 3495 ellipfim
1704 3417 1929 3496 describeremus
1946 3417 1995 3480 so-

605 3503 740 3582 exemplo
756 3498 907 3584 agaturde
929 3515 1009 3559 motu
1023 3495 1145 3558 Telluris
1159 3495 1187 3554 in
1211 3496 1271 3559 lon·
1328 3518 1373 3557 cus
1401 3497 1438 3558 est
1459 3517 1606 3559 commune
1627 3497 1769 3577 gravitatis
1788 3515 1915 3559 centrum
1936 3497 1994 3576 pla-

601 3603 694 3664 gum,
720 3584 778 3644 haec
798 3597 895 3641 revera
912 3579 998 3639 fluunt
1016 3595 1051 3636 ex
1079 3575 1270 3658 gravitationit
1328 3597 1397 3638 neta
1414 3583 1446 3640 &
1465 3579 1554 3647 Solis,
1575 3581 1664 3654 major
1680 3576 1736 3644 axis
1755 3577 1881 3655 ellipl'eoe
1905 3582 1990 3655 quam

603 3663 767 3741 systemate,
787 3664 820 3724 ὅ(
842 3664 940 3720 reveri
957 3659 987 3720 in
1005 3661 1084 3721 Luna
1111 3657 1176 3717 inde
1207 3679 1271 3736 pro·
1328 3661 1440 3736 planeta
1475 3659 1607 3719 describit
1634 3653 1707 3718 circi
1731 3659 1828 3722 Solem
1858 3659 1904 3735 qui
1933 3659 1993 3737 ipse

603 3744 711 3806 ducitur
728 3763 761 3804 ea
779 3739 950 3816 inequalitas
970 3759 1028 3814 qua
1052 3743 1167 3801 Verlucio
1195 3735 1266 3796 dici-
1326 3738 1405 3800 simul
1425 3739 1577 3802 revolvitur
1597 3737 1672 3798 circa
1699 3757 1848 3800 commune
1869 3757 1995 3801 centrum

601 3843 670 3893 tut,
689 3821 860 3886 Allronomie
880 3821 1034 3890 notissima,
1055 3819 1174 3878 fimilem
1202 3817 1269 3882 iuat·
1323 3816 1493 3902 genuitatis,
1511 3821 1596 3880 estad
1611 3837 1693 3878 axem
1712 3823 1849 3897 majorem
1866 3819 1993 3898 ellipseor
2112 3857 2114 3868 =

602 3907 765 3982 qualitatem
790 3903 819 3969 in
841 3908 915 3964 terra
934 3921 989 3961 non
1004 3899 1120 3977 quidem
1139 3897 1270 3960 observa·
1326 3907 1411 3978 quim
1429 3900 1507 3967 idern
1526 3901 1636 3978 planeta
1649 3899 1727 3960 'circa
1738 3899 1835 3962 Solem
1851 3899 1993 3977 quiescen-

601 4003 665 4048 runt
693 3982 852 4067 Allponomi
872 3983 940 4059 'quia
968 3978 1086 4042 minima
1107 3981 1160 4040 else
1185 3980 1269 4040 deber
1326 3999 1385 4042 tem
1402 3983 1504 4042 eodem
1519 3998 1647 4059 tempore
1674 3979 1820 4058 periodico
1835 3981 1994 4043 describere

602 4065 753 4144 peripsam
774 4061 966 4145 gravitationie
986 4080 1132 4130 naturam,
1151 4061 1182 4121 ὅ(
1200 4059 1267 4120 clim
1325 4064 1422 4140 pollet,
1432 4061 1461 4122 in
1478 4061 1586 4124 rarione
1604 4061 1992 4126 summamalsarumsolis&

598 4147 657 4207 sese
677 4147 801 4221 utrinque
822 4141 993 4220 compenset,
1011 4143 1115 4204 nullum
1127 4141 1165 4202 sui
1179 4141 1266 4202 relin-
1326 4144 1439 4220 planetae
1456 4143 1491 4202 ad
1503 4141 1624 4224 primam
1634 4143 1750 4203 duarum
1763 4141 1857 4202 medie
1874 4163 1991 4222 propor-

599 4229 657 4304 quit
680 4225 856 4306 Vestigium
872 4223 957 4294 Quod
978 4220 1044 4282 liin
1064 4225 1119 4283 hoc
1136 4224 1268 4298 exemplo
1323 4223 1472 4284 tionalium
1489 4223 1562 4284 inter
1586 4221 1722 4282 summam
1737 4220 1818 4287 illam
1840 4225 1871 4284 &
1892 4223 1992 4288 Solem

599 4311 636 4368 de
659 4325 737 4370 motu
760 4304 876 4386 Aphelii
899 4303 1027 4364 Terraea
1051 4323 1110 4362 atur
1123 4321 1152 4362 ut
1169 4303 1267 4362 exser-
1325 4305 1426 4389 (prop.
1449 4319 1498 4364 60.
1522 4306 1570 4367 lib.
1583 4322 1607 4361 r.
1628 4307 1642 4374 )
1661 4301 1780 4379 idedque
1798 4321 1828 4363 ut
1854 4304 1911 4364 artie
1930 4325 1992 4364 ma·

598 4389 690 4449 monis
712 4388 782 4448 serie
810 4386 869 4465 quir
889 4384 966 4446 'sorte
994 4323 1200 4462 susirica'returu
1222 4383 1289 4444 res'
1323 4381 1368 4473 jot
1391 4384 1488 4446 orbita
1518 4383 1698 4464 corrigatur,
1728 4383 1868 4464 augendus
1889 4383 1929 4448 est
1958 4383 1990 4444 in

597 4467 659 4528 fieri
670 4489 725 4528 non
735 4470 855 4530 debetur
866 4463 1076 4535 deiudicetur,
1090 4485 1154 4524 nam
1166 4463 1194 4522 in
1204 4481 1262 4526 tota
1323 4463 1398 4524 drttt
1425 4465 1543 4526 ratione.
1581 4469 1670 4526 Datur
1695 4479 1787 4528 autem
1816 4463 1890 4529 ratio
1918 4464 1991 4528 inter

596 4547 714 4628 syzygia
729 4547 883 4626 Aphelium
901 4545 1006 4606 telluris
1024 4544 1156 4626 progredi
1175 4544 1263 4604 debe·
1322 4545 1418 4606 massae
1439 4546 1511 4608 Solis
1526 4548 1557 4608 ὅ(
1572 4547 1756 4624 planetarum,
1765 4565 1797 4608 uc
1809 4543 1926 4624 proinde
1942 4546 1992 4606 da·

596 4649 627 4710 tp
637 4667 647 4699 ,
666 4631 697 4691 &
717 4627 745 4686 in
764 4628 929 4704 quadratura
939 4626 1068 4686 duntaxat
1080 4624 1190 4704 regredi
1204 4662 1213 4694 ,
1226 4624 1263 4686 li·
1321 4643 1366 4688 tur
1383 4625 1455 4689 ratio
1479 4625 1510 4688 in
1532 4633 1586 4705 qud
1605 4625 1760 4689 orbitarum
1778 4645 1841 4689 axet
1869 4629 1989 4705 majorca

595 4701 1263 4788 quetperprop.Xl.V:&LXletimiLibri
1321 4707 1380 4767 sunt
1400 4708 1528 4791 augendi·
1563 4707 1641 4770 Vide
1662 4707 1698 4768 de
1717 4705 1988 4786 hisdem-huju!

638 4792 712 4864 Quas
742 4787 857 4869 quidem
888 4783 1078 4850 adnotationes
1106 4791 1140 4850 ed
1166 4803 1262 4846 mente
1320 4787 1406 4851 libri.
