4444 5718
567 389 652 468 ,290'
765 343 1768 464 'tuq'vrsrr'rorrvs'rcumclusam
1903 453 1910 462 ,

409 521 528 596 cra.
566 517 655 594 ribus
671 517 748 594 effet
774 539 888 612 opus,
914 539 990 614 quae
1017 515 1185 594 materiem
1213 515 1361 595 subtilem
1381 516 1600 598 indesinenter
1620 512 1734 592 vermis
1756 508 1869 586 Solem
1895 503 1964 584 Lu·

457 621 489 692 1.
567 639 710 713 namque
738 613 923 706 pellerent,
951 613 1016 709 qul
1041 614 1177 710 quidem
1204 639 1240 692 re
1266 603 1405 710 qu'aeiiio
1428 639 1496 690 non
1511 616 1667 708 majorem
1682 612 1788 686 lucem
1814 603 1964 704 aveque-e

568 730 665 788 retur.
724 709 857 784 Deinde
881 709 955 786 talis
985 729 1093 786 motus
1117 713 1230 808 perse
1253 711 1310 788 diu
1339 711 1515 788 confitere
1541 735 1608 786 non
1643 705 1745 806 pollet
1772 749 1784 789 ,
1823 717 1964 798 vropter

568 827 761 910 perpetuum
787 807 933 885 materiae
955 807 1078 884 subtilis
1099 813 1142 886 ad
1163 813 1280 888 eadem
1306 811 1382 885 loca
1402 809 1557 886 effluxum
1581 799 1961 914 nullumquereliuxum,

570 921 615 1018 ut·
641 924 808 985 taceamus
837 906 902 982 alia
940 905 1084 986 maxima
1124 906 1335 985 incommoda
1368 931 1444 984 cum
1477 903 1655 984 illiusmodi
1688 899 1848 1000 politione
1884 921 1964 996 per·

571 1024 689 1080 mtxta.
2024 1074 2033 1092 ,

624 1101 659 1196 5.
697 1123 753 1196 η.
793 1097 939 1178 Exclusa
959 1098 1060 1196 igitvr
1084 1101 1230 1179 materiae
1257 1101 1380 1179 subtilis
1407 1101 1564 1177 continua
1586 1095 1731 1174 allistone
1755 1136 1775 1210 χ
1803 1109 1965 1208 tamqnam

570 1201 614 1280 ad
642 1199 727 1278 vires
751 1197 827 1275 clem
849 1201 893 1276 ad
919 1197 1030 1274 Solem
1055 1199 1123 1275 tbm
1140 1197 1268 1278 Lunam
1289 1203 1464 1276 tendentes
1487 1195 1719 1294 producendas
1734 1193 1866 1266 mtmmb
1888 1191 1964 1264 tdo·
2036 1246 2047 1264 t

565 1295 659 1378 ned,
685 1297 747 1374 alia
767 1299 882 1372 harum
906 1295 1023 1374 virium
1043 1297 1136 1374 causa
1151 1323 1219 1374 non
1239 1295 1456 1410 relinquitur,
1484 1295 1542 1368 nili
1556 1317 1636 1391 quae·
1660 1291 1745 1382 invi
1771 1285 1964 1382 centrifugd

570 1393 733 1472 consiliat.
775 1393 1067 1486 Quemadmodum
1092 1413 1202 1472 autem
1226 1413 1364 1471 materia
1390 1391 1511 1470 subtilis
1525 1392 1558 1464 in
1578 1413 1695 1486 gyrum
1710 1388 1785 1464 adra
1813 1409 1854 1463 ac
1875 1407 1960 1461 vor·

571 1492 672 1570 ticem
694 1490 840 1568 formans
860 1489 1042 1567 nonsollrm
1065 1492 1178 1570 animo
1200 1490 1359 1589 concipi,
1386 1489 1558 1565 sedetiam
1585 1485 1765 1560 inmundo
1792 1480 1961 1581 persistere

431 1665 435 1676 ,
572 1607 690 1688 queat.
715 1593 780 1684 jam
806 1588 881 1664 satis
904 1589 1062 1686 superque
1085 1591 1132 1666 eil
1156 1591 1364 1688 expostum,
1402 1585 1476 1662 cbrn
1500 1588 1534 1658 in
1563 1580 1858 1682 diffamationibus,
1884 1601 1959 1674 quet

518 1735 522 1744 ·
572 1683 648 1767 cbm
672 1685 810 1786 quaeilio
836 1685 879 1762 de
900 1684 1247 1780 causbgravitationis
1268 1682 1483 1784 agitaretur,
1501 1677 1847 1760 laudeslllullrillimae
1871 1677 1962 1752 Aca·

573 1784 693 1865 dentiae
713 1785 942 1860 merebamur,
967 1781 1037 1860 tbm
1058 1783 1158 1862 etiam
1186 1785 1221 1888 ip
1246 1784 1317 1858 aliis
1344 1786 1523 1880 operabam
1551 1779 1670 1876 quibus
1694 1777 1727 1850 in
1752 1777 1834 1852 locis
1862 1772 1957 1848 srmul

573 1881 718 1958 dilucide
743 1879 790 1954 eil
811 1877 997 1958 ostensum,
1024 1885 1196 1978 quomodo
1215 1881 1372 1975 ejusmodi
1401 1881 1544 1954 vortices
1566 1873 1964 1984 comparatoselleopnt·

572 1995 659 2062 teat,
689 1995 725 2054 ut
747 1977 836 2052 vires
868 1975 1066 2072 centriiugae
1090 1977 1170 2056 fiant
1198 1979 1365 2078 quadratis
1385 1975 1607 2052 distantiarum
1632 1977 1650 2045 a
1678 1989 1794 2047 centro
1827 1985 1966 2046 vortrcts

553 2075 743 2173 reciproce
770 2071 1042 2170 roportiovales.
1098 2073 1184 2168 Quae
1212 2099 1265 2150 res
1291 2074 1366 2150 nim
1395 2098 1472 2148 meo
1499 2071 1633 2168 quidem
1662 2068 1786 2162 judicio
1808 2070 1874 2161 jam
1894 2082 1965 2142 tam

574 2173 673 2268 plana
696 2172 734 2250 fit
758 2103 875 2249 dna,
915 2187 950 2240 nt
975 2169 1033 2250 v't‘
1057 2171 1230 2270 quicquam
1257 2173 1300 2248 ad
1326 2173 1469 2270 praeiens
1492 2169 1669 2244 institutum
1697 2167 1839 2241 attinens
1864 2161 1964 2274 adjici

575 2285 697 2367 queat,
723 2269 886 2346 vorticum
909 2264 1215 2344 ulterioriertamini
1237 2271 1302 2345 fine
1322 2271 1387 2344 ulib
1409 2265 1611 2344 haesitatione
1623 2263 1862 2362 supersedemus
1879 2285 1891 2352 3
1911 2262 1963 2334 rd-

435 2411 443 2426 =
572 2389 637 2464 que
663 2363 705 2443 eb
721 2365 852 2458 magis,
880 2361 973 2462 qubd
988 2361 1213 2444 Celeberrima
1232 2368 1412 2445 Academia
1430 2363 1587 2459 ejusmodi
1602 2365 1745 2460 amplam
1759 2360 1859 2459 atipue
1872 2355 1962 2434 adeb

572 2465 638 2558 jam
679 2460 867 2554 confestam
904 2459 1137 2556 digrelltonem
1165 2463 1330 2564 pullulare
1361 2463 1449 2540 baud
1469 2465 1630 2541 videatur.
1680 2459 1848 2554 Quoniam
1873 2454 1978 2536 eninr.

573 2561 712 2657 quaestio
734 2561 777 2656 de
801 2560 896 2636 causa
921 2559 1092 2653 gravitatis
1106 2559 1180 2635 crim
1202 2557 1315 2639 versbs
1339 2561 1479 2637 Terram
1508 2579 1575 2636 tum
1598 2560 1696 2634 etiam
1716 2553 1964 2635 versbs'Solem

575 2661 611 2736 bt
637 2657 789 2738 Planetas
813 2663 878 2752 iam
897 2655 972 2732 satis
993 2657 1043 2732 est
1065 2657 1262 2753 investigata
1286 2683 1326 2732 ac
1341 2661 1505 2744 diremta;
1533 2682 1620 2733 nurrc
1644 2659 1793 2754 quidem,
1817 2649 1964 2746 saeuius·

575 2777 704 2850 cunque
731 2755 945 2832 l'lraenomeni
966 2755 1060 2831 causa
1084 2754 1127 2830 eb
1151 2753 1249 2830 fuerit
1270 2755 1451 2852 perdudla,
1476 2754 1599 2832 ibidem
1613 2753 1887 2850 acquiescendum
1908 2751 1961 2826 vi·

573 2855 694 2935 detur,
717 2877 826 2951 neque
850 2853 958 2930 atium
982 2849 1120 2956 agendo
1145 2853 1256 2929 denub
1285 2853 1318 2926 in
1344 2857 1442 2930 causa
1465 2855 1637 2947 gravitatis
1650 2847 1886 3022 invefflgandb
1909 2845 1960 2922 ni-

574 2948 676 3024 mibm
701 2949 869 3026 immorari
886 2949 1094 3025 conveniret.
1147 2947 1299 3048 Denique
1323 2949 1357 3024 in
1378 2951 1528 3048 praeienti
1553 2951 1691 3048 negotio
1716 2948 1734 3022 i
1787 2971 1863 3022 cere
1886 2941 1963 3054 pos·

442 3073 445 3078 ·
575 3047 647 3124 set,
672 3047 696 3122 s,
723 3045 820 3122 attus
850 3043 959 3122 Maris
973 3045 1065 3120 caula
1087 3045 1196 3122 adime
1218 3047 1317 3123 tantis
1328 3049 1473 3124 tenebris
1495 3049 1657 3126 obvoluta
1671 3050 1715 3123 ad
1740 3042 1963 3132 aliamaxrmb

576 3163 689 3238 aperta
712 3145 936 3218 Phaenomena
961 3143 1160 3222 reducatur,
1186 3169 1326 3242 quorum
1345 3145 1439 3220 causa
1458 3169 1528 3219 non
1551 3145 1654 3220 solitm
1676 3147 1814 3220 habetur
1839 3141 1962 3238 proba·

469 3279 473 3286 ·
576 3239 671 3322 ovis,
698 3242 753 3315 sed
779 3243 879 3317 etiam
894 3264 969 3340 quae
984 3241 1050 3315 sola
1072 3239 1255 3344 tltveritati
1275 3243 1519 3326 consentanea,
1545 3241 1726 3339 cujusmodi
1743 3239 1792 3316 est
1816 3237 1963 3338 gravita-

495 3373 497 3378 ·
572 3337 622 3414 tio
648 3339 712 3413 tam
739 3335 851 3414 verslts
875 3336 985 3416 Solem
1007 3340 1104 3436 quam
1127 3335 1264 3415 Lunam.

617 3436 649 3531 ς.
681 3457 736 3528 14.
778 3433 920 3510 Causam
946 3435 1046 3530 igitur
1067 3433 1193 3512 Fluxds
1224 3461 1263 3512 ac
1284 3431 1445 3512 urnam,
1468 3437 1577 3514 Maris
1605 3433 1790 3535 proximam
1818 3434 1852 3510 in
1878 3433 1965 3510 binis

569 3532 750 3610 vorticibus
769 3535 914 3608 materiae
940 3530 1106 3626 cujusdam
1131 3531 1249 3608 l'ubtilis
1277 3532 1510 3612 collocamus,
1536 3559 1675 3634 quorum
1697 3533 1778 3610 alter
1795 3533 1887 3610 circa
1900 3531 1963 3610 so·

570 3629 742 3714 lnmalter
764 3629 845 3705 verb
860 3631 949 3706 circa
962 3627 1088 3704 Lunam
1107 3628 1153 3704 ita
1167 3632 1432 3724 circumagatur,
1462 3646 1499 3704 ut
1519 3631 1552 3705 in
1564 3651 1712 3729 *unoque
1735 3631 1824 3709 vires
1837 3627 1963 3704 centri·

570 3723 663 3822 fugae
679 3727 870 3802 decrescant
893 3726 927 3800 in
955 3725 1120 3820 duplicata
1134 3729 1262 3802 ratione
1284 3725 1544 3820 (bibentiaruma
1570 3748 1688 3804 centro
1701 3729 1863 3818 vorticis;
1886 3747 1963 3824 quat

571 3825 629 3898 lex
653 3823 702 3899 vis
719 3819 917 3918 centrifugae
941 3821 1170 3911 obtinebitur,
1194 3824 1219 3900 fi
1239 3821 1385 3898 materiae
1409 3823 1534 3903 stlbtilis
1556 3825 1718 3903 vorticem
1735 3825 1963 3902 constituentis

574 3919 725 3995 celeritas
751 3918 908 4011 liatuatur
939 3935 1053 3993 tenere
1080 3921 1239 3994 rationem
1267 3921 1473 4017 reciprocam
1509 3921 1771 4020 subduplicatam
1793 3920 1963 3998 distantia·

574 4041 645 4092 rum
666 4013 685 4090 *a
713 4031 830 4092 centro
855 4015 1003 4094 vorticis.
1043 4013 1260 4115 Quaecunque
1284 4019 1384 4112 igitur
1410 4041 1554 4115 corpora
1577 4020 1612 4094 in
1631 4023 1813 4098 istiulinodi
1833 4019 1962 4098 vortice

575 4113 682 4210 posita
693 4115 736 4190 ad
750 4114 983 4207 ejuscentrvm
999 4113 1160 4207 pellentur
1173 4117 1207 4190 vi
1221 4116 1475 4192 acceleratrice,
1503 4140 1579 4214 quac
1592 4119 1827 4216 pariteracvis
1840 4117 1969 4194 centri·

573 4213 658 4310 iuga
672 4207 838 4308 quadratis
866 4207 1091 4308 distantiarum
1113 4210 1345 4307 reciprocbell
1366 4215 1630 4310 proportionalis
1667 4217 1728 4292 Vis
1740 4215 1888 4290 absoluta
1906 4229 1964 4290 au'·

577 4327 646 4384 tem
668 4311 733 4405 qud
760 4331 879 4404 corpvs
926 4305 1083 4404 uodpiam
1107 4307 1142 4382 in
1163 4309 1242 4386 data
1262 4309 1413 4386 distantia
1432 4317 1579 4394 acentro
1600 4313 1734 4390 vorticis
1758 4314 1962 4388 collocatum

576 4400 620 4485 eb
634 4403 797 4500 urgetur,
837 4331 961 4500 periet
982 4407 1001 4479 a
1022 4404 1192 4483 celeritate
1208 4407 1355 4484 materiae
1368 4405 1490 4483 l'ubtilis
1508 4409 1664 4486 absoluta.
1689 4412 1740 4485 Ac
1754 4408 1863 4506 primb
1888 4410 1963 4507 qui·

574 4503 679 4587 dem,
704 4501 798 4597 quod
809 4505 854 4580 ad
876 4501 1042 4582 vorticem
1052 4505 1142 4584 circa
1154 4503 1265 4596 Solem
1277 4522 1421 4585 rotatum
1434 4503 1577 4594 attinet,
1614 4511 1684 4604 ejus
1698 4506 1963 4592 viseblblutaex

1877 4615 1966 4678 tem·
