4444 5718
397 314 672 395 Fnuitus
722 335 791 392 rc
841 313 1186 392 trasarius
1238 313 1473 392 Militis.
1574 336 1644 415 apr
1733 297 1752 321 ”

178 549 186 564 ,
255 478 406 548 tenente
430 457 827 559 Terraeperiodicocum
851 461 1006 540 distante
1025 459 1172 554 ejusdem
1194 460 1210 531 ii
1237 459 1316 537 Sole
1332 479 1529 556 comparato
1558 480 1651 543 iunia
1685 469 1800 546 era.

104 635 106 639 ,
257 561 445 659 colligitur,
470 575 665 651 utcorousi
690 559 781 653 cujus
806 557 959 637 distantia
989 561 1140 634 licentio
1165 555 1249 635 Solis
1274 557 1411 634 actualis
1434 553 1481 630 esi
1501 557 1650 640 semidia·
1730 563 1759 641 l.

174 736 175 740 ,
257 675 363 738 metro
384 659 528 740 Terrae,
553 655 597 732 eb
623 654 811 731 sollicitetur
834 657 868 734 vi
882 699 901 736 a.
922 684 996 744 qiiae
1019 659 1054 730 sit
1085 677 1228 739 227512
1246 656 1374 748 vicibus
1399 681 1441 726 5.-
1456 656 1525 736 ior,
1553 663 1651 754 quam

252 757 306 834 eil
323 760 469 855 gravitas
497 755 650 831 naniralls
674 755 708 824 in
737 754 907 852 superficie
933 755 1286 876 TerraeffMeiiemur
1310 773 1423 828 autem
1445 758 1530 842 banc
1553 756 1652 850 ipsam
1764 839 1772 848 .

254 856 323 934 vim
348 855 527 929 absolutam
553 855 707 954 cujusque
728 851 890 941 vorticis,
917 852 1062 950 pervim
1082 894 1093 932 a
1113 874 1211 948 quam
1236 850 1469 926 idem-cortex
1496 855 1601 928 exerit
1620 855 1653 929 in

257 951 408 1030 distante
430 959 449 1026 {a
471 953 525 1026 suo
540 969 658 1027 centro
673 949 916 1027 semidiametro
929 951 1049 1027 Terrae
1062 950 1180 1046 aequali
1199 973 1208 1016 ε
1236 969 1280 1022 ex
1299 971 1365 1043 quo
1378 948 1403 1022 si
1416 949 1464 1024 vis
1480 951 1653 1044 gravitatis

222 1057 236 1084 ⁰
260 1051 420 1128 terrestiis
439 1048 631 1144 designetur
651 1071 710 1146 per
740 1069 769 1120 i.
789 1049 850 1123 erit
873 1049 925 1128 vis
950 1048 1095 1125 absoluta
1119 1047 1204 1126 solis
1231 1065 1446 1144 :2275122
1476 1048 1565 1138 cujus
1591 1075 1651 1125 nu·

247 1231 255 1248 ,
295 1149 340 1223 eri
366 1149 443 1222 loco
466 1145 636 1222 brevitatis
660 1145 767 1240 gratis
789 1164 916 1222 utemur
944 1145 1055 1220 litterd
1073 1146 1107 1217 S.
1160 1141 1260 1225 Simili
1284 1145 1386 1216 inodo
1415 1143 1483 1222 vim
1514 1145 1652 1222 vorticis

251 1171 387 1320 'Ponam
410 1244 576 1340 cingentis
601 1245 781 1320 absolutam
807 1244 1025 1320 indicabimus
1047 1242 1157 1316 litterd
1185 1245 1237 1324 L,
1261 1244 1353 1330 cuius
1375 1239 1520 1314 valorem¹
1537 1241 1651 1318 Nav-

258 1359 376 1417 ‘rortcs
400 1343 490 1418 resse
515 1338 589 1416 ciim
614 1365 657 1416 eir
673 1339 742 1436 ipso
767 1343 874 1416 Flvxu
889 1365 928 1416 ac
945 1337 1091 1414 Resimiu
1107 1336 1213 1412 Maris
1234 1384 1245 1420 ‚
1269 1332 1339 1410 idm
1365 1339 1463 1414 etiarn
1493 1361 1538 1411 ex
1562 1359 1654 1436 prae·

258 1437 400 1514 cessione
415 1435 703 1536 AEquinotliorum
723 1435 917 1534 constituisse
942 1438 1074 1516 videtur
1097 1435 1228 1510 circiter
1241 1442 1285 1530 ᾗ.
1337 1432 1450 1528 Quare
1471 1434 1520 1516 fi,
1547 1438 1652 1530 polit&
1698 1447 1712 1478 ⁹

254 1519 380 1612 'serrae'
411 1535 650 1612 semidiametro
675 1556 740 1610 =1
768 1581 780 1620 ‚
819 1531 969 1634 corporis
995 1530 1161 1626 cujusdam
1182 1535 1335 1609 iacentro
1362 1531 1446 1608 Solis
1466 1535 1522 1610 vei
1550 1532 1654 1612 Lunae

261 1632 414 1712 distantia
437 1627 535 1710 bierit
549 1659 598 1714 a,
622 1633 684 1708 erit
702 1635 782 1712 vis,
808 1637 874 1734 qut
897 1631 932 1709 id
957 1645 1077 1728 corpus
1105 1631 1160 1710 vel
1187 1633 1229 1706 ad
1245 1629 1356 1708 Solem
1386 1625 1577 1708 sollicitatur
1600 1635 1655 1711 vel

850 1737 869 1792 S
962 1777 969 1795 .

264 1780 477 1863 adlatrari,
501 1778 557 1857 vel
579 1801 613 1842 =
634 1739 753 1902 {vel
775 1815 809 1854 .-.
824 1817 880 1904 J}
893 1821 905 1858 ,
924 1795 971 1854 uti
998 1799 1042 1851 ex
1067 1775 1180 1854 indole
1205 1749 1322 1851 biiruro
1357 1775 1520 1884 vorticum
1549 1799 1655 1876 prona

192 1961 196 1970 ¹
265 1925 365 2001 conse
390 1925 500 2000 uentia
521 1918 617 1997 linit.¹
655 1921 691 1997 In
720 1923 769 2000 his
791 1925 933 2022 quidem
963 1923 1141 1999 litterarum
1165 1922 1244 1995 S&
1274 1919 1659 2000 Ldeteroiinationibus

266 1951 465 2099 assumiinius
494 2019 638 2096 mediam
664 2007 749 2095 Solis
781 2021 930 2098 iiTetra
965 2021 1153 2095 distantiam
1190 2021 1316 2101 20620
1344 2018 1663 2116 seiuidiametroruui

261 2117 404 2197 Terrae‚
430 2143 505 2218 quae
519 2142 563 2209 eir
584 2113 738 2212 parallaxi
757 2117 957 2196 horizoaiali
986 2119 1058 2193 10¹¹
1082 2117 1245 2214 sequitur,
1268 2117 1383 2190 -Lnnae
1403 2113 1483 2192 verb
1505 2119 1525 2191 d
1550 2117 1659 2194 Terra

265 2217 451 2292 distantiam
478 2215 622 2290 mediato
648 2214 696 2289 to
710 2216 817 2290 semid.
845 2217 993 2306 Teoae3
1014 2216 1144 2290 interim
1172 2231 1283 2288 tamen
1307 2212 1394 2288 vires
1408 2215 1451 2287 ad
1470 2211 1659 2292 Maremo·

265 2315 410 2390 vendum
425 2315 502 2387 hinc
526 2329 609 2384 ortae
626 2313 667 2384 ab
689 2313 738 2386 his
760 2311 995 2410 hypothesibus
1016 2337 1084 2385 non
1104 2311 1271 2406 pendent,
1300 2309 1346 2383 uti
1366 2311 1574 2408 sequentibus
1595 2337 1658 2406 pe·
1686 2327 1696 2342 '

267 2409 360 2485 tebit.

147 2587 149 2594 y
315 2507 347 2596 §.
373 2526 424 2591 ις.
474 2503 644 2598 Quoniam
673 2502 775 2600 igitur
802 2501 927 2580 aeilum-
944 2504 1050 2580 Maris
1075 2529 1135 2601 per
1155 2504 1249 2583 binas
1267 2503 1381 2590 vires,
1404 2530 1539 2603 quarum
1556 2505 1658 2583 altera

266 2603 376 2684 Solem
401 2601 555 2700 respicit,
578 2602 679 2678 altera
705 2599 860 2688 Lunam,
884 2605 989 2677 suiuus
1012 2601 1212 2700 exposituri,
1239 2601 1334 2680 facile
1362 2603 1467 2682 videri
1494 2607 1659 2704 possemus
1766 2679 1770 2698 s

267 2703 407 2780 eandem
422 2699 561 2780 omninb
576 2701 832 2794 explicationem
859 2699 1042 2796 susciperes
1062 2725 1161 2800 quam
1182 2705 1410 2783 Nsu'xoriur
1434 2707 1525 2782 dedit
1549 2707 1583 2781 in
1598 2707 1659 2782 suis

240 2885 243 2894 .
270 2795 443 2892 Principiis
466 2795 715 2871 Mathematicir
746 2797 966 2896 Philo‘bphiae
994 2795 1170 2877 Naturalis.
1222 2798 1367 2875 Primiini
1397 2821 1504 2879 autem
1528 2823 1651 2878 notan·

274 2895 352 2971 dum
371 2893 440 2975 esi,
470 2891 560 2992 qudd
574 2891 599 2966 fi
612 2891 832 2972 Naw‘ronus
849 2919 960 2972 verain
983 2899 1111 2972 caulem
1126 2897 1219 2992 hujus
1235 2895 1453 2975 Phaenonieni
1465 2899 1659 2996 assignasset,

271 2993 478 3086 summopere
502 2991 676 3066 absurdum
697 3009 797 3090 atque
819 2993 976 3068 antonum
1004 2990 1114 3074 soret.
1140 2997 1296 3074 nouitatis
1323 2997 1430 3072 siudio
1457 3001 1556 3074 aliani
1581 3025 1658 3082 cau-

271 3091 357 3178 sam,
408 3085 566 3190 uaeceitd
587 3085 664 3164 salsa
684 3087 793 3164 futura
815 3088 918 3168 esset,
948 3094 1154 3184 excogitare.
1181 3089 1313 3169 Deinde
1335 3093 1419 3170 veri>
1444 3096 1658 3180 Nsvv‘rorvus

272 3211 313 3262 ne
336 3115 510 3299 veiigiun'i
526 3187 660 3284 quidem
677 3186 832 3284 reliquit,
860 3211 903 3260 eii
929 3211 998 3282 quo
1017 3189 1113 3264 causa
1133 3192 1245 3264 harum
1266 3191 1385 3267 ivirium
1398 3197 1659 3280 attonsarum,

271 3307 352 3384 quas
372 3283 441 3385 Soli
468 3283 642 3380 Lunaeque
668 3284 799 3364 tribuit,
821 3280 938 3382 colligi
958 3279 1079 3381 posset,
1105 3285 1161 3362 sed
1178 3288 1285 3380 potilis
1311 3291 1354 3364 de
1380 3291 1484 3366 causae
1512 3291 1558 3366 Pb
1584 3294 1660 3374 sicae

271 3379 487 3459 inventione,
511 3379 642 3478 qualem
670 3377 847 3458 Academia
868 3376 977 3478 Regia
996 3381 1191 3476 poiiffimum
1218 3387 1379 3484 requirit,
1400 3320 1581 3481 desperasti
1606 3395 1659 3471 vs.
1779 3423 1780 3428 =

274 3483 396 3566 detur,
427 3477 461 3553 id
485 3480 576 3578 quod
595 3479 664 3572 ejus
682 3475 807 3555 asseclae
832 3483 945 3579 aperti
969 3479 1152 3562 testantur,
1178 3483 1234 3580 qui
1257 3483 1484 3558 attraslionem
1506 3487 1660 3570 omnibus
1763 3574 1767 3582 ¹

276 3577 471 3673 corporibus
489 3577 653 3676 propriam
680 3573 769 3656 esse,
798 3600 906 3676 neque
931 3578 989 3652 ulli
1009 3579 1114 3654 causac
1133 3579 1281 3656 extense
1295 3582 1406 3654 deberi
1417 3580 1559 3678 ¹firmiter
1584 3579 1659 3662 alse-

277 3690 380 3752 tunts
407 3693 505 3774 atque
519 3672 607 3750 aded
620 3674 665 3748 ad
704 3671 852 3750 ualitates
864 3679 1013 3752 occultas
1029 3675 1237 3776 confugiunt.
1262 3679 1418 3774 Denique
1432 3675 1658 3764 Nevv'rosus

275 3769 512 3846 dedusiionem
526 3776 562 3850 dt
586 3698 833 3867 expuitionem,
851 3771 998 3846 omnium
1026 3771 1323 3852 Piiaenomennrum
1349 3779 1391 3850 ad
1417 3775 1530 3850 aeslum
1548 3781 1661 3888 ‘Mola

276 3867 509 3964 pertinentium
535 3867 669 3942 minime
680 3867 847 3963 'perfeciir
867 3868 923 3942 sed
940 3869 1030 3966 quasi
1053 3888 1175 3949 tantvm
1198 3873 1431 3964 adunibravit3
1461 3875 1557 3972 plena
1572 3877 1660 3958 enirn

278 3963 461 4062 explicatio
475 3980 526 4039 tot
551 3981 685 4064 tamque
709 3963 889 4040 difficilium
915 3961 1159 4042 Problematon
1181 3969 1376 4047 solutionem
1399 3971 1558 4065 pullulat,
1585 4003 1662 4074 qoae

278 4061 505 4142 Nauerorius
520 4064 590 4136 nori
605 4065 652 4136 eil
665 4061 851 4160 aggresus:
871 4057 946 4136 clim
959 4063 1047 4136 eninr
1062 4065 1154 4158 liujus
1164 4067 1351 4164 quaestionis
1364 4071 1522 4144 enoda'iio
1534 4077 1662 4169 amplis·

277 4159 376 4246 fimus
401 4159 546 4238 calculus
569 4157 736 4272 requiret.
763 4163 831 4258 ipse
845 4161 989 4260 analysiii
1006 4161 1112 4237 viteus
1129 4165 1283 4262 pleraque
1295 4183 1422 4244 tantuin
1445 4167 1552 4242 obiter
1575 4169 1662 4246 indi·
1784 4157 1788 4167 ’

280 4257 362 4332 casse
392 4277 570 4336 contentus
585 4253 645 4333 suit
662 4285 674 4354 ·,
692 4261 737 4334 ob
764 4281 862 4357 quem
879 4253 1046 4331 tlesedlum
1075 4259 1218 4354 plurimu
1241 4267 1350 4338 adhuc
1372 4262 1477 4338 dubiis
1500 4263 1590 4344 circa
1612 4267 1663 4368 ip·

281 4350 341 4429 ius
381 4354 638 4450 explicationem
677 4355 724 4431 eli
761 4355 902 4431 relictus.
967 4353 1083 4450 Neque
1123 4358 1211 4430 enim
1252 4357 1285 4432 in
1314 4360 1365 4434 liis
1399 4359 1522 4439 viribus
1548 4387 1663 4446 veram

280 4449 377 4530 aesscs
399 4453 512 4550 ,utaris
534 4451 663 4533 cedam
690 4451 853 4530 contineri
876 4450 953 4556 ante
968 4467 1103 4554 „certum
1130 4453 1191 4532 elie
1221 4455 1361 4558 potest,
1391 4461 1488 4562 qudm
1514 4467 1663 4540 absoluto

536 4565 541 4574 '
707 4567 737 4608 '·
1083 4563 1087 4572 '
1171 4572 1178 4584 “
1263 4575 1266 4582 ’
1507 4557 1510 4564 ’
1599 4560 1666 4635 cal-
