4406 5708
107 357 118 372 “
275 363 547 444 Fuuxus
597 331 669 438 u'o
719 315 1096 440 urm'uuxos
1147 359 1389 442 Murro.
1500 387 1580 472 339

161 481 308 602 zonialis
329 489 506 598 babuimus
520 517 710 601 rationem,
735 497 918 593 clrm‘enim
939 538 1024 616 aqua
1048 517 1093 594 ad
1106 514 1221 594 alium
1238 515 1464 602 formandum-
1475 539 1568 600 motu
1604 533 1719 612 CAR
1799 503 1804 510 .

159 618 368 737 bqriuontali
384 617 546 718 progredi
574 617 721 703 debeat,
745 611 952 713 perspicuum
974 611 1024 692 eli
1047 611 1125 694 irinc
1147 615 1407 695 retardationem
1434 616 1569 700 inaelm
1623 631 1694 710 pq

162 739 246 796 orrrr
267 734 434 817 oportere.

215 849 247 941 s.
277 854 335 928 81.
362 847 527 947 Sisque,
551 843 599 922 uti
621 841 655 918 irr
678 821 947 944 praecedentibus
973 843 1135 942 ¹capitibus
1162 850 1353 942 posuimus,
1372 847 1491 946 inertib
1513 873 1570 929 ca·

164 1009 285 1082 reret,
317 1009 389 1073 tum
414 989 501 1070 soret
515 1011 560 1070 ex
575 987 765 1089 aequatione
779 986 886 1088 primi
902 989 1096 1070 dez-t
1108 1018 1127 1064 s
1142 947 1212 1140 (ἑ
1228 955 1460 1120 ψῢ-’ῐῒ-ἷ)
1490 1020 1567 1096 per.

163 1151 269 1282 petud
291 1137 629 1310 szffss'ffffl.
656 1179 914 1284 quiaaquatum
929 1182 1050 1285 quovis
1064 1200 1237 1262 momento
1252 1187 1466 1270 tumultibus
1481 1188 1565 1268 solli·

162 1329 343 1412 uitantibus
364 1335 398 1411 in
422 1329 610 1431 aequilibrio
631 1327 832 1417 consisteret
882 1327 1037 1407 Maxima
1059 1327 1161 1430 igitur
1187 1329 1347 1429 depressio
1367 1331 1467 1416 etiam
1492 1360 1563 1416 tum

163 1431 274 1524 Lunae
294 1432 495 1512 horizontali
523 1429 761 1526 responderet,
785 1427 922 1506 cumen
935 1448 1077 1552 yzo,
1101 1426 1254 1530 foretque
1269 1429 1405 1528 spatium
1432 1435 1563 1537 depres-

126 1680 142 1706 ·
161 1573 265 1656 saonis
280 1580 372 1654 CM
386 1598 431 1654 ·..:
447 1554 507 1704 ξς
534 1573 680 1659 maxima
696 1571 780 1650 verb
797 1575 980 1692 elevatio}
994 1599 1070 1674 quae
1095 1573 1186 1680 eirca
1207 1571 1312 1654 Lunae
1327 1579 1495 1678 appulsum
1517 1585 1561 1662 ad

162 1733 384 1851 meridianum
405 1770 583 1869 continget
598 1811 611 1849 2
638 1765 696 1845 fiet
718 1788 778 1868 per
796 1768 934 1868 spatium
949 1774 980 1848 C
992 1775 1033 1845 N
1042 1792 1087 1848 z
1098 1742 1150 1894 ²7¹!
1162 1771 1209 1848 ob
1220 1797 1246 1876 y
1260 1791 1302 1850 3:
1318 1793 1347 1850 t·
1399 1771 1512 1868 Quare
1534 1776 1561 1852 fi

160 1939 250 2018 aqua
277 1917 396 1998 inertia
420 1935 571 2000 careret,
598 1914 687 1994 iuret
709 1913 847 2010 spatium
867 1921 984 2005 ΜΝ,
1007 1941 1067 2017 per
1081 1914 1175 2016 quod
1194 1939 1281 2016 aqua
1299 1933 1393 1996 motu
1412 1915 1560 2020 rec'ipro·

160 2082 207 2138 co
221 2063 431 2174 agitaretur,
454 2039 568 2190 7.ἷέ
576 2091 590 2161 3
614 2060 732 2137 inertid
758 2077 868 2137 autem
891 2065 1031 2142 admissa
1062 2061 1266 2161 agitationes
1285 2061 1499 2162 perficientur
1522 2067 1559 2145 iu

158 2253 266 2370 spatio
280 2260 407 2360 maiore
419 2267 456 2336 A
470 2265 556 2338 B:
568 2227 770 2396 ᾗ-ἔ-θῇ
782 2299 796 2336 ,
809 2259 902 2354 cuius
913 2218 1060 2336 erneisus
1075 2256 1170 2353 super
1182 2255 1321 2354 spatium
1332 2261 1382 2334 M
1393 2263 1437 2335 N
1444 2263 1505 2342 erit
1514 2211 1573 2346 Ξι

156 2417 374 2598 HQ.
403 2453 581 2550 Quantitas
601 2451 714 2551 itaque
737 2449 835 2528 aelids
860 2453 987 2549 pendet
1013 2455 1032 2528 b
1055 2449 1170 2529 valore
1189 2447 1309 2528 litterae
1325 2476 1378 2553 33
1402 2455 1459 2558 qui
1483 2459 1556 2560 qui·

161 2597 240 2672 dem
268 2600 398 2700 semper
420 2601 468 2678 est
489 2598 728 2683 affirmativum
744 2595 961 2673 nmfiforer
972 2618 1112 2700 310,
1138 2597 1232 2695 quud
1256 2597 1417 2679 evenitss
1442 2603 1556 2702 gravi·

159 2694 237 2771 tatis
259 2701 311 2776 vis
333 2698 412 2776 effet
433 2697 561 2774 infinite
587 2719 710 2793 magna
725 2696 779 2773 res
796 2696 872 2774 edu
895 2695 1014 2774 virium
1041 2695 1146 2772 Lunae
1166 2697 1203 2772 δι
1226 2694 1332 2780 sotis,
1360 2715 1429 2774 tum
1454 2703 1555 2780 etiam

160 2792 268 2872 nullus
281 2795 379 2874 aestus
402 2797 570 2888 orireturq
595 2793 716 2870 deinde
729 2725 798 2892 qug
821 2793 927 2890 magis
942 2800 963 2871 8
977 2822 1004 2896 g
1019 2798 1062 2870 ad
1080 2820 1093 2866 r
1113 2792 1269 2875 accedit,
1299 2796 1343 2872 ed
1358 2800 1462 2892 major
1477 2823 1554 2897 pro·

161 2887 248 2965 dibit
269 2895 390 2974 aestus,
426 2892 484 2992 qui
509 2893 597 2971 adeo
622 2891 656 2968 in
676 2889 839 2969 infinitum
866 2899 1058 2971 excrescere
1083 2886 1187 2988 pulset
1208 2889 1234 2968 u
1258 2887 1347 2972 soret
1367 2899 1389 2970 8
1412 2916 1556 2994 ἕξις
1642 2933 1646 2940 ·

161 2983 229 3062 hoc
255 2989 378 3090 quippe
406 2991 481 3068 casu
507 2990 559 3068 vis
578 2993 685 3066 Lunae
712 2989 908 3086 gravitatem
932 2993 1097 3091 superaret
1126 3027 1139 3071 2
1178 2988 1359 3091 omnesque
1385 2999 1556 3092 aquaead

161 3078 292 3164 Lunam
319 3088 523 3180 attraherem
545 3090 638 3189 quod
667 3102 775 3164 autem
804 3086 877 3164 fieri
891 3109 959 3164 uon
972 3085 1109 3185 potest,
1133 3087 1362 3168 multominus
1382 3111 1490 3169 autem
1507 3090 1556 3168 es·

161 3179 195 3254 se
219 3185 330 3278 potesl
352 3189 373 3260 8
393 3213 420 3286 g
439 3199 498 3258 >r
518 3230 530 3270 ‚
555 3187 648 3286 quod
672 3204 783 3284 tamen
806 3184 1001 3262 lieveniret
1025 3230 1038 3266 ‚
1074 3184 1219 3259 maxima
1240 3186 1385 3267 elevatio
1410 3191 1529 3284 appuis
1545 3189 1554 3208 ‘

162 3272 267 3453 buna?
283 3281 352 3459 aad
351 3283 588 3371 horizontem,
615 3281 826 3381 marriruaque
840 3281 1007 3378 depressio
1022 3279 1127 3361 Lunae
1150 3279 1371 3364 meridianum
1385 3311 1564 3382 occupem·

160 3387 187 3450 tt
209 3403 244 3454 re
281 3403 301 3452 o
353 3395 433 3458 etet.

207 3407 331 3571 §psa
355 3475 441 3555 cuo
469 3475 570 3578 igitur
597 3499 709 3578 aqua,
738 3473 765 3552 l'r
790 3473 909 3554 inertia
939 3491 1069 3558 careret
1096 3516 1109 3556 2
1155 3477 1299 3576 agitetur
1328 3501 1390 3576 per
1415 3478 1553 3578 spatium

160 3619 206 3694 'M
224 3627 266 3700 N
281 3595 375 3748 ²355
386 3673 400 3715 ‚
424 3625 518 3724 supra
541 3643 653 3704 auteur
671 3625 705 3720 §.
731 3647 789 3720 4¹·
816 3627 937 3756 eadem
962 3625 1025 3704 bac
1044 3623 1244 3726 hypothesi,
1270 3625 1337 3724 qua
1368 3643 1434 3701 tam
1458 3627 1552 3706 locus

160 3769 259 3864 qrtm
279 3765 373 3844 Luna
399 3771 434 3846 in
451 3790 622 3871 aequetore
645 3770 799 3870 ponitur,
825 3794 944 3872 aquam
963 3769 1087 3850 elevari
1111 3770 1205 3868 supra
1224 3769 1368 3848 libellam
1394 3795 1454 3868 per
1473 3772 1559 3869 spa·.
1689 3863 1692 3870 ¹
1778 3821 1789 3828 ·

160 3865 241 3943 tium
261 3867 379 3948 .2‚260
402 3867 551 3966 pesum,
576 3867 661 3945 inira
676 3873 749 3944 eam
776 3869 861 3948 verb
883 3869 1023 3966 deprimi
1049 3868 1153 3968 spatio
1181 3887 1214 3952 r,
1231 3889 1297 3948 rra
1316 3873 1463 3968 pedum,
1491 3873 1552 3949 erit

159 3983 253 4142 ἷξε
265 4033 371 4114 3⁹372
386 4012 537 4126 pedum,
569 4013 716 4114 ideoque
730 3992 813 4142 {⁴
825 4037 857 4146 r,
876 4013 1077 4114 raqpedum
1094 4037 1129 4076 =
1143 4037 1156 4088 r
1168 3985 1214 4146 -ἑ-
1227 4014 1361 4112 pedum.
1382 4015 1550 4111 Quoniam

162 4161 244 4240 verb
268 4161 365 4242 valor
390 4157 489 4258 ipsrus'
510 4181 635 4258 geum
659 4157 786 4236 unitate
808 4175 1042 4258 comparatur,
1068 4161 1147 4240 ideo
1168 4163 1286 4248 venit,
1313 4149 1404 4261 quod
1419 4177 1551 4259 tempus

162 4281 220 4350 per
243 4263 343 4358 ipsum
364 4271 477 4337 arcum
504 4257 620 4335 circuli
641 4259 732 4350 cujus
747 4263 856 4346 radius
873 4259 921 4334 eli
935 4278 997 4328 :r
1016 4261 1247 4358 expresfimust
1272 4260 1350 4338 hinc
1363 4260 1474 4356 itaque
1488 4285 1550 4337 va-

163 4355 213 4430 lor
237 4357 374 4458 ipsrusg
397 4358 545 4452 respeetu
572 4353 704 4432 unitatis
730 4355 904 4431 definietur
923 4372 1076 4450 tempore
1099 4363 1218 4434 eodem
1245 4359 1350 4432 modo
1367 4355 1548 4453 expresso,

163 4477 229 4551 quo
255 4477 344 4554 equa
366 4457 401 4529 in
420 4459 469 4530 M
484 4459 583 4555 usque
600 4451 751 4552 depressa
764 4456 834 4533 soli
848 4455 881 4534 vi
901 4452 1078 4550 gravitatis
1097 4455 1128 4532 le
1142 4455 1177 4532 in
1190 4456 1220 4534 C
1230 4455 1431 4544 restitueret,
1456 4458 1549 4551 quud

1457 4567 1547 4626 tem-
