4406 5708
763 17 789 72 q
918 31 922 40 .

338 382 625 460 Faunos
676 403 748 458 no
799 377 1194 454 Rernuxus
1252 377 1496 452 Matt1s.
1573 345 1684 471 361'

233 538 413 620 Terram,
452 541 574 638 Jouem
600 563 641 614 ac
674 536 846 616 Saturnum
873 535 1032 614 similibus
1061 532 1244 613 vorticibus
1268 527 1330 608 elie
1368 531 1523 615 cinctos,
1546 533 1639 608 unde
1667 541 1699 618 C
1713 565 1785 618 Ap,

237 638 399 728 ejusmodi
425 639 572 718 vortices
598 637 679 712 nulli
700 637 839 711 omnino
852 635 987 733 corpori
1009 636 1182 711 mundano
1195 630 1355 728 denegari
1371 629 1462 738 polle
1472 632 1639 742 uidentur.
1696 641 1778 721 Vll,

237 733 372 814 Parcids
402 736 538 834 quidem
560 734 617 814 hic
641 733 811 810 materiam
838 735 880 808 de
906 732 1091 808 vort'cibus
1107 731 1351 808 tractavimus,
1380 728 1507 804 etiamst
1521 730 1554 804 in
1574 729 1639 804 illts

237 858 352 911 veram
373 835 471 911 aeillls
488 833 598 910 Maris
624 833 764 909 causam·
778 857 966 928 ponamus3
982 759 1053 908 iuno
1075 846 1184 905 autem
1213 833 1255 904 de
1290 828 1450 932 industrid
1477 827 1636 908 fecimus,

236 929 313 1006 cirm
341 933 408 1010 hoc
427 946 662 1030 argumentum
688 933 753 1024 jam
768 931 920 1004 toriesfit
936 933 1111 1007 traslatom
1139 952 1178 1002 ac
1201 923 1271 1002 sere
1287 927 1503 1019 exhaustum
1531 951 1640 1020 neque

237 1024 338 1106 nubis
358 1035 552 1129 persuadere
566 1028 753 1125 possumus,
774 1029 798 1102 st
814 1031 879 1103 hac
894 1029 1073 1105 occafione
1088 1024 1275 1100 dodlrinam
1291 1027 1333 1099 de
1345 1024 1533 1103 vorticibus
1542 1023 1642 1098 etiam

232 1128 373 1213 melida,
391 1155 490 1228 quam
511 1128 693 1204 etiamnum
719 1134 738 1204 a
769 1149 937 1224 quoquam
969 1127 1017 1204 esl
1039 1125 1188 1208 saelum,
1211 1123 1472 1220 expediremus,
1500 1125 1546 1199 ob
1568 1145 1643 1200 eam

236 1249 307 1302 rern
330 1227 502 1325 praemium
532 1225 629 1302 nobis
657 1228 815 1304 tributum
844 1223 895 1298 iri.

511 1618 821 1704 CAPUT
883 1616 1369 1706 OCTAVUM.

326 1819 391 1903 De
409 1815 413 1822 ’
483 1817 520 1902 ds
536 1817 659 1906 Maris
673 1821 939 1938 perturbatione
956 1819 981 1900 a*
999 1821 1117 1903 Terris
1138 1849 1181 1903 ac
1204 1818 1378 1904 littoribus
1394 1819 1560 1906 oriundas.

409 1821 483 1929 AEs

239 2017 271 2108 5.
299 2037 380 2094 112.
414 2013 791 2204 PEttveurmus
825 2021 962 2094 tandem
996 2017 1040 2096 ad
1074 2016 1223 2092 ultimam
1262 2015 1384 2090 nostrae
1413 2015 1646 2114 disquisitionis
1697 2050 1702 2069 ·

515 2135 672 2207 partem,
710 2141 787 2216 quae
814 2121 980 2212 praecipua
999 2115 1072 2198 est,
1096 2114 1129 2187 in
1155 2112 1222 2210 qud
1244 2108 1430 2188 Theoriam
1460 2116 1646 2212 expofitam

237 2213 418 2290 adflatum
439 2211 592 2299 telluris,
620 2215 654 2290 in
686 2241 754 2316 qno
777 2215 896 2290 reverd
911 2214 1072 2300 reperitur
1084 2255 1099 2293 ‚.
1121 2211 1236 2285 debito
1252 2213 1356 2286 modo
1374 2216 1646 2290 accommodabi-

237 2337 319 2386 mus.
366 2311 540 2388 Hactenus
564 2312 676 2397 enim',
710 2311 778 2413 qud
807 2311 910 2386 ardua
935 2309 997 2385 ista
1022 2306 1199 2404 disquistrio
1225 2304 1353 2384 sacilior
1379 2311 1576 2387 redderetur
1603 2316 1646 2388 ab

239 2407 395 2484 omnibus
417 2407 668 2488 circumstantiis
690 2408 839 2485 externis
868 2407 989 2506 quibus
1013 2403 1152 2481 effeetus
1174 2408 1193 2477 b
1217 2405 1346 2482 viribus
1372 2407 1460 2486 Solis
1478 2435 1517 2486 ac
1540 2407 1646 2484 Lunae

240 2505 391 2583 oriundis
413 2505 467 2580 vel
492 2506 617 2582 turbari
632 2511 686 2586 vel
698 2509 919 2584 determinem
934 2503 1138 2581 difficiliores
1158 2504 1252 2578 reddi
1266 2505 1426 2601 pollent,
1465 2505 1645 2604 cogitatio·⁴

239 2628 317 2679 nem
338 2602 565 2682 abstraximus.
602 2603 861 2682 Primdscilicet
887 2627 957 2678 non
975 2601 1075 2678 solum
1097 2615 1202 2676 totam
1223 2603 1367 2678 Terram
1391 2629 1435 2681 ex
1448 2607 1536 2704 aqud
1560 2629 1645 2679 con·

240 2704 354 2780 slatam
378 2701 570 2797 posuimus,
597 2701 653 2778 sed
673 2705 771 2778 etiam
786 2699 939 2777 inertiam
966 2725 1064 2800 aquae
1085 2717 1196 2776 mente
1224 2702 1426 2788 sustulimus,
1445 2723 1482 2780 ut
1499 2704 1542 2778 ed
1558 2727 1644 2799 pau-

242 2801 350 2877 ciores
374 2825 426 2875 res
453 2797 486 2870 in
511 2820 703 2896 computum
730 2801 896 2876 ducendae
921 2798 1128 2898 superessent.
1178 2797 1314 2875 Deinde
1344 2801 1471 2878 inertiae
1504 2804 1640 2900 quidem

242 2899 414 2976 habuimus
435 2898 621 2980 rationem,
646 2925 686 2974 ac
701 2899 932 2998 praecedentes
955 2895 1251 2974 determinationes
1274 2899 1508 2974 debitomodo
1528 2921 1640 2974 corre-

242 2997 361 3080 ximus,
385 2993 502 3071 verdm
519 3011 624 3071 totam
637 2997 780 3072 Terram
797 2997 885 3094 aqud
897 2997 1113 3096 undiquaque
1126 2993 1353 3072 circumfusam
1367 2997 1572 3080 aliumiimus
1585 2997 1640 3080 seu

241 3098 420 3170 etiamnum
445 3095 626 3173 anomalias
653 3098 672 3169 d
695 3095 812 3174 Terris
834 3094 1055 3189 negleximus.
1110 3089 1211 3172 Nunc
1235 3097 1349 3194 itaque
1377 3095 1488 3174 nostra
1510 3095 1641 3172 theoria

241 3195 285 3271 ed
305 3195 352 3269 est
370 3193 559 3290 perducta,
586 3213 621 3270 ut
646 3193 727 3268 nihil
753 3191 891 3288 amplius
912 3191 1059 3284 adjicere
1075 3193 1208 3268 necelle
1235 3193 1344 3274 soret,
1368 3195 1547 3295 liquidem
1577 3194 1641 3269 aes·

240 3307 292 3368 tus
317 3293 424 3369 Maris
450 3294 470 3364 b
503 3291 620 3368 Terris
644 3291 873 3389 littoribusque
894 3287 1086 3366 sensibiliter
1112 3315 1182 3368 non
1207 3293 1431 3383 afficeretur3
1473 3291 1532 3366 nili
1553 3288 1641 3368 sorte

240 3389 415 3466 anomaliae
433 3391 622 3488 quaedaml
642 3389 749 3468 ventis
767 3389 921 3465 oriundae
934 3391 1190 3490 eommemorari
1215 3395 1409 3474 deberent,
1433 3414 1511 3487 quae
1531 3407 1641 3465 autem
1715 3411 1716 3414 ’

240 3506 334 3564 motu
362 3513 456 3586 aquae
470 3489 645 3584 perspedlo
665 3485 763 3564 facile
789 3489 1049 3581 adjudicantur,
1074 3509 1173 3592 atque
1190 3493 1234 3566 ad
1245 3511 1363 3565 omnes
1376 3489 1521 3563 theorias
1545 3490 1642 3587 aeque

240 3587 416 3682 pertinent.
477 3585 705 3679 Quamobrem
744 3586 893 3662 ultimum
927 3587 994 3663 hoc
1029 3609 1128 3688 caput
1158 3588 1394 3664 destinavimus
1423 3583 1642 3682 explicationi

242 3685 542 3762 Phaenomenorum
566 3687 785 3786 quorumdam
803 3684 1019 3784 singularium
1032 3713 1217 3787 ‚quorum
1238 3683 1334 3764 causa
1357 3698 1512 3760 nontam
1537 3683 1571 3756 in
1588 3681 1642 3777 ip·

241 3789 277 3858 se
298 3783 386 3879 aqut
410 3783 599 3879 uiribusque
627 3809 698 3858 eam
720 3783 995 3870 sollicitantibus,
1026 3791 1123 3884 quam
1145 3787 1179 3858 in
1199 3785 1310 3860 Terra
1333 3781 1519 3858 continenti
1543 3781 1642 3856 litto-

242 3881 391 3978 ribusque
406 3883 453 3956 est
463 3882 642 3976 quaerenda
661 3913 673 3950 .·
701 3880 764 3958 hac
789 3881 878 3956 enim
898 3902 992 3978 parte
1007 3885 1157 3960 absoluta
1184 3885 1264 3960 nihil
1284 3876 1421 3978 amplids
1446 3882 1569 3958 restare
1589 3877 1643 3958 νὶ-1

242 3980 363 4058 detur,
390 3983 482 4077 quod
508 3978 562 4052 vel
576 3977 618 4054 ad
628 3978 790 4056 Theoriae
804 3981 925 4056 nostrae
938 3981 1241 4060 confirmationem.
1262 3985 1318 4061 vel
1331 3983 1375 4056 ad
1386 3981 1536 4056 omnium
1549 3975 1644 4056 Phae·

241 4099 461 4152 nomenorum
484 4076 692 4172 adaequatam
720 4075 977 4172 explicationem
1003 4081 1182 4157 desiderari
1209 4099 1319 4181 queat.
1374 4076 1538 4173 Quamuis
1555 4073 1643 4149 enim

241 4171 453 4252 Iltustrlffima
486 4174 670 4251 Academia
692 4191 803 4252 totum
830 4177 898 4252 hoc
918 4197 1152 4273 argumentum
1173 4205 1241 4255 non
1260 4177 1390 4280 penitus
1407 4173 1572 4252 exhauriri
1596 4174 1643 4266 ju·

243 4273 344 4354 beat,
370 4273 449 4352 clim
469 4273 579 4351 adhuc
593 4274 768 4350 nonnullas
794 4273 996 4370 quaestiones
1013 4279 1058 4352 de
1081 4281 1205 4354 eodem
1222 4281 1255 4353 in
1274 4279 1438 4374 postorum
1452 4293 1645 4372 proponere

244 4372 479 4456 constituttlerr
505 4389 618 4448 tamen
630 4372 705 4468 quia
725 4373 791 4447 hoe
805 4388 958 4468 tempore
980 4399 1058 4450 vera
1078 4376 1174 4451 causa
1195 4378 1330 4474 physrca
1345 4373 1570 4457 defideratur,
1584 4393 1645 4446 ve·

243 4466 373 4540 ritatem
397 4474 518 4548 nostrae
533 4469 674 4543 theoriae
695 4493 763 4543 non
784 4471 860 4545 satis
884 4469 1074 4548 confirmati
1093 4474 1318 4558 arbitramur,
1344 4471 1406 4545 nist
1424 4471 1493 4565 ejus
1518 4491 1645 4547 conve·

242 4563 402 4642 nientiam
420 4591 496 4648 curu
522 4568 678 4645 omnibus
696 4567 933 4645 Phaenomenis
963 4570 1108 4742 dgucide
1137 4571 1417 4654 ostenderemus,
1446 4567 1525 4649 cdru
1545 4565 1570 4641 ti
1589 4564 1646 4676 vel

355 4723 357 4726 -
1019 4688 1042 4747 z
1079 4695 1101 4766 3
1282 4713 1284 4716 ·
1571 4681 1644 4742 uma
1688 4735 1692 4740 .
1815 4689 1821 4700 ⁴
