4406 5718
564 382 647 506 40
814 340 1284 462 Pnrtosontm
1325 341 1736 461 Nnaunnrrs

386 515 659 624 ninus-pora
683 500 812 612 aliqua
844 503 968 610 magis
990 503 1210 599 trahuntur,
1239 502 1312 585 alia
1331 503 1482 602 minuc,
1508 503 1671 619 plutima
1702 532 1781 588 non
1797 505 1963 590 scalion-

385 601 540 741 fflf'*
567 648 640 708 tut.
680 619 732 703 Et
757 619 818 706 vis
835 615 1054 725 magnetica
1076 619 1119 700 in
1152 649 1236 710 ιιιιοΙ
1253 626 1297 700 de
1324 617 1652 734 eodemcotpote
1672 619 1821 704 intendi
1850 627 1969 736 potest

572 745 615 822 dt
635 735 802 835 remitti,
833 740 963 844 estque
977 761 1263 846 nonnunquam
1283 731 1411 842 long&
1427 733 1637 850 majotpro
1652 738 1862 846 quantitate
1880 767 1972 820 ma·-

1443 873 1447 888 ·
1869 877 1973 936 terrae

453 1049 502 1100 1⁶·
576 1047 682 1110 dicabit
713 1045 774 1108 vim
804 1061 895 1108 totam
933 1052 1130 1110 attrahentem.
1162 1042 1244 1108 'ilinc
1301 1057 1396 1106 menta
1412 1041 1506 1123 (clim
1522 1066 1578 1110 non
1595 1045 1644 1106 sint
1665 1047 1700 1107 ad
1723 1065 1837 1106 manum
1857 1063 1890 1104 ea
1910 1063 1970 1122 qua

577 1129 670 1192 forsan
689 1125 750 1187 lieri
771 1127 856 1205 pollet
876 1147 904 1187 ur
922 1129 1050 1207 separatis
1067 1132 1102 1190 ab
1123 1125 1245 1190 invicem
1301 1127 1448 1218 Wflltenrts
1473 1128 1527 1188 hec
1545 1128 1579 1186 de
1601 1128 1758 1188 retradidit
1770 1133 1785 1202 )
1797 1123 1902 1188 referte
1921 1149 1970 1190 no-

578 1207 751 1272 atttaslionis
782 1206 996 1286 repulfionisque
1023 1211 1150 1279 viribus,
1180 1228 1245 1288 con·
1301 1206 1347 1268 nn
1361 1208 1493 1284 putoelse
1512 1207 1636 1269 instituti.

576 1293 645 1352 stans
670 1310 755 1366 quam
790 1291 966 1350 Nrwronus
1000 1289 1183 1370 deprehendit
1202 1287 1244 1348 ln·
1341 1287 1385 1348 Sit
1406 1309 1477 1369 ergo
1495 1292 1591 1352 ΑΘΒ
1605 1328 1615 1360 ,
1634 1287 1802 1349 meridianus
1827 1289 1965 1370 magneti-

579 1391 622 1433 ter
644 1369 819 1432 atttadiionts
835 1373 866 1430 dc
880 1367 1018 1432 distantias
1028 1371 1173 1450 proportio
1191 1371 1244 1432 ob·
1302 1387 1369 1439 cus,
1387 1369 1418 1428 N
1429 1373 1483 1432 CS
1502 1391 1563 1430 acas
1583 1369 1741 1450 magnetica
1757 1369 1865 1429 atiione
1886 1391 1967 1450 mag·

580 1454 691 1514 cineret.
714 1457 750 1512 At
774 1451 841 1511 verd
859 1449 925 1510 ciem
951 1471 986 1510 ex
1012 1453 1098 1513 trallis
1116 1451 1246 1512 observa·
1293 1449 1373 1509 ‘notit
1394 1451 1446 1519 M,
1476 1469 1553 1511 extra
1570 1449 1759 1512 meridianum
1777 1467 1969 1529 magnetrctrur

487 1583 509 1602 ,,
579 1533 701 1594 tionibus
722 1531 852 1590 duntaxat
869 1531 900 1590 id
914 1529 942 1589 se
961 1528 1185 1592 animadvertisse
1203 1529 1245 1590 sa·
1293 1529 1391 1590 stadia
1399 1568 1408 1598 ,
1426 1529 1509 1608 litque
1531 1531 1605 1590 linea
1624 1533 1651 1592 C
1670 1551 1699 1589 m
1714 1537 1729 1590 'a
1745 1549 1842 1591 centro
1853 1549 1916 1590 acus
1934 1531 1972 1590 ad

581 1615 874 1680 teatnrNewron-os,
895 1607 1245 1694 non'itilongdquerenda
1298 1628 1432 1670 centrum
1453 1612 1586 1690 magnetis
1601 1611 1973 1692 lusiamertdianomagne·

581 1693 693 1756 ridetur
713 1711 790 1754 mens
812 1693 894 1754 nostri
915 1695 1027 1755 autoris.
1295 1688 1363 1752 tico
1380 1692 1632 1770 perpendicularis,
1649 1693 1681 1753 δι
1703 1690 1794 1751 statim
1811 1691 1975 1768 supponatur

578 1816 581 1824 -
622 1777 643 1820 *
664 1774 735 1834 Vim
757 1773 947 1852 magneticam
971 1771 1130 1835 decrescere
1157 1773 1187 1836 in
1205 1787 1250 1834 ra·
1306 1771 1463 1832 distantiam
1482 1776 1550 1832 Cm
1569 1777 1695 1833 actrrtro
1713 1793 1775 1832 acus
1794 1773 1829 1830 ad
1848 1793 1974 1834 centrum

582 1853 658 1917 tione
686 1853 822 1932 triplicati
851 1855 1062 1924 distantiarum,
1077 1855 1122 1914 ⁴ab
1140 1853 1253 1936 expeti·
1308 1851 1444 1932 magnetis
1464 1854 1515 1912 esse
1535 1851 1650 1932 Physica
1671 1852 1821 1912 infinitam.

585 1936 687 1996 mentis
712 1935 801 1996 statuit
821 1936 965 2014 Wstlnnur
983 1935 1013 1994 in
1034 1934 1153 2017 egregio
1169 1933 1248 2014 opus-
1349 1935 1402 1994 Vis
1424 1935 1580 2014 magnetica
1594 1953 1674 1995 tetrae
1691 1933 1896 1993 retrahitacum
1916 1927 1929 1990 i
1941 1931 1975 1990 si-

571 2017 677 2085 culo,
709 2021 751 2074 De
781 2015 850 2074 Acris
875 2022 1026 2095 magnetica
1054 2019 1248 2077 inclinatione:
1293 2025 1336 2074 ‘to
1352 2016 1447 2075 SCN
1472 2017 1506 2073 ad
1529 2018 1644 2083 ΒΕΔ,
1668 2014 1716 2072 sed
1731 2013 1916 2090 quiaillisitui
1936 2013 1974 2073 eli
2082 2075 2087 2083 ,

586 2096 645 2174 ipse
687 2115 780 2156 autem
814 2093 1060 2174 'Muscttrnbroeltr'us
1094 2099 1124 2156 in
1150 2097 1249 2158 Tomo
1304 2094 1437 2170 oblipua,
1454 2095 1705 2156 resolvendaeslin
1720 2095 1976 2163 duetvicensimam

472 2249 478 2254 =
586 2177 680 2255 primo
700 2176 823 2256 Phystces
846 2187 925 2245 lue,
956 2177 1104 2236 Rationem
1118 2175 1250 2236 diminu-
1305 2173 1491 2236 lineaeSCN
1514 2177 1913 2254 perpendicularem,alteram
1937 2173 1980 2252 ip-

496 2255 498 2262 ’
585 2256 669 2320 tionis
694 2257 734 2317 vis
753 2259 916 2337 magnetica}
932 2254 985 2314 else
1014 2256 1074 2316 sete
1091 2255 1250 2334 quadrupli·
1311 2254 1528 2326 liParallelam3
1557 2260 1614 2316 hec
1632 2256 1730 2316 srullra
1756 2256 1813 2337 agit
1835 2255 1979 2318 obnitente

584 2335 880 2398 catam'tlisirntiarum
900 2337 1012 2398 deducit
1034 2335 1252 2418 ingeniosissimis
1311 2337 1444 2396 centroC
1462 2374 1471 2404 ,
1501 2337 1549 2396 illa
1566 2338 1633 2396 vetd
1658 2337 1834 2417 gyrationem
1852 2339 1915 2395 actis
1932 2335 1977 2394 es·

588 2417 804 2496 experimentis,
822 2417 925 2478 scilicet
939 2435 1101 2498 magnetem
1117 2419 1255 2478 unnmal-
1311 2414 1371 2475 ficit
1381 2455 1391 2485 ,
1411 2415 1502 2492 itaque
1528 2415 1547 2476 li
1572 2419 1600 2476 in
1625 2417 1726 2495 pensio
1751 2421 1848 2492 quovis
1867 2437 1900 2487 c,
1923 2439 1939 2474 a
1961 2433 1978 2475 c

586 2499 721 2560 terilanci
735 2498 851 2558 bilancis
863 2497 993 2578 appendit
1009 2535 1020 2568 ,
1037 2497 1204 2577 ponderibus
1226 2497 1255 2557 in
1313 2497 1485 2574 representet
1505 2498 1563 2558 vim
1594 2498 1781 2579 magneticam
1797 2515 1903 2567 totam,
1924 2517 1938 2555 a
1959 2508 1979 2556 u

587 2582 675 2642 alteri
698 2582 776 2638 lance
800 2581 836 2639 ad
850 2580 1039 2654 ‘aequilibrium
1059 2577 1255 2640 instituendum
1302 2577 1514 2655 -tepraesentabit
1538 2577 1596 2638 sim
1625 2579 1687 2659 qu'dp
1702 2579 1872 2638 convertitur
1899 2595 1978 2646 acus,

588 2659 723 2738 impositis
734 2699 744 2729 ,
764 2676 823 2720 tum
839 2661 971 2720 admovet
980 2675 1146 2739 magnetem
1161 2659 1208 2718 sub
1219 2673 1255 2720 e'o
1300 2676 1371 2733 «με
1389 2658 1454 2716 ideo
1479 2657 1569 2718 estad
1589 2658 1646 2718 vim
1673 2660 1862 2738 magneticam
1890 2670 1979 2719 totam

589 2741 637 2817 qui
653 2739 786 2817 suspensus
805 2739 863 2808 eli,
886 2737 920 2798 stc
931 2739 971 2800 vis
985 2737 1153 2800 attrasiio'nis
1175 2752 1256 2820 mag·
1302 2736 1342 2796 ‘in
1355 2757 1390 2798 eo
1409 2739 1509 2814 pensio
1524 2755 1553 2798 ut
1573 2739 1639 2799 sinus
1661 2740 1754 2820 anguli
1774 2759 1816 2799 ac
1835 2747 1877 2816 n(
1891 2737 1980 2798 decli·

590 2835 686 2881 netum
713 2817 900 2896 aequilibrium
919 2819 1017 2888 tollit,
1051 2821 1126 2896 quod
1144 2819 1255 2897 adjestis
1313 2816 1430 2877 nationis
1450 2813 1717 2881 acurdneridiano
1736 2819 1895 2900 magnerico
1911 2821 1925 2890 >
1943 2818 1979 2878 ad

592 2900 761 2980 ponderibus
774 2900 941 2970 restituitur,
962 2900 1256 2980 &ponderaillaad-
1307 2898 1468 2967 ·R·adium·5
1503 2900 1680 2961 lnonrnibns
1701 2903 1804 2978 ponciis
1825 2903 1897 2962 CN
1918 2899 1979 2960 vim

592 2983 684 3042 denia
701 2983 777 3042 vatia
791 2982 849 3040 sunt
866 3003 917 3057 pro
936 2980 1011 3042 sarid
1029 2980 1155 3044 distantia
1177 2999 1258 3062 mag-
1313 2981 1448 3056 equalem
1469 2983 1591 3041 exerceri
1619 2981 1731 3060 supponi
1751 2981 1835 3059 potest
1845 3019 1856 3050 ,
1883 2981 1930 3039 sed
1949 2981 1980 3039 in

592 3083 688 3124 netum
709 3065 781 3122 inter
793 3062 839 3130 se,
862 3062 938 3122 itaut
958 3062 1103 3121 videantur
1123 3061 1259 3136 sequi-ra·
1305 3078 1393 3138 ¹parte
1411 3063 1464 3121 CS
1483 3061 1523 3121 vis
1547 3082 1578 3122 ea.
1590 3063 1732 3140 'repulsrvd
1751 3063 1828 3142 agit,
1858 3061 1979 3136 ideoque

593 3142 702 3204 tionem
716 3143 953 3220 quadruplicatam
966 3143 1103 3202 inversam
1122 3140 1200 3218 spatii
1211 3157 1259 3203 ur·
1316 3141 1449 3200 consentit
1477 3151 1542 3201 cum
1571 3145 1600 3201 vi
1622 3163 1682 3219 quae
1710 3143 1848 3208 convertit
1871 3161 1980 3218 partem

597 3225 641 3282 cui
660 3225 732 3283 inter
753 3242 894 3301 magnetes
919 3220 1085 3300 intercepti,
1105 3223 1179 3297 quod
1200 3223 1258 3300 spe·
1305 3223 1344 3281 ‘C
1352 3222 1399 3290 N,
1418 3225 1448 3283 dr
1465 3227 1519 3300 ejus
1542 3222 1692 3282 elisaciam
1704 3225 1848 3304 geminat:
1868 3203 1979 3284 Notum
2042 3279 2045 3284 .

591 3303 663 3363 tium
699 3323 817 3362 vacuum
846 3315 902 3365 non
925 3303 963 3362 est
987 3302 1183 3382 Cylindricum
1212 3301 1267 3364 adt'
1304 3300 1356 3360 est
1377 3301 1571 3379 veroquodsr
1596 3304 1666 3362 vires
1687 3306 1802 3379 aqualis
1831 3304 1859 3362 in
1886 3301 1981 3365 omni·

592 3383 809 3452 Prilinaticum,
830 3384 1255 3474 quiamagnc'tesquibusuteba·
1316 3382 1488 3458 bus‘punslis
1509 3385 1535 3444 C
1552 3387 1582 3443 N
1608 3401 1690 3464 agant
1708 3385 1847 3459 aequaliter
1865 3385 1896 3443 &
1915 3400 1979 3464 per·

592 3481 637 3524 tur
656 3465 701 3524 ct·
721 3465 978 3542 Missi-tensorum,
999 3483 1075 3526 erant
1094 3465 1225 3541 Sphaerici
1237 3485 1255 3532 ,3
1311 3463 1526 3540 pendiculariter
1549 3479 1582 3526 ut*
1597 3485 1660 3524 eam
1683 3465 1785 3524 lineam
1805 3481 1978 3533 convertant,

517 3563 523 3590 ¹
594 3545 669 3605 unde
699 3550 757 3604 hoec
783 3547 855 3606 ratio
881 3545 999 3606 nonest
1027 3546 1153 3606 accierat&
1184 3545 1257 3608 ratio
1313 3546 1556 3606 eatumomniunr
1574 3545 1692 3606 efficacia
1715 3548 1817 3606 cadem
1835 3548 1887 3606 crit
1908 3545 1978 3605 acsi

594 3627 927 3704 quadriplicata-inserta
944 3625 1143 3687 distantiarum.
1316 3622 1423 3684 sumina
1441 3627 1568 3688 omnium
1591 3626 1692 3688 vitium
1717 3627 1979 3705 perpendiculariter

637 3708 703 3768 nlla
728 3707 835 3768 ratione
858 3710 915 3767 hac
941 3707 1132 3786 experimenta
1155 3704 1261 3780 possunt
1317 3723 1412 3785 ageret
1433 3705 1461 3766 in
1481 3709 1582 3784 poncio
1601 3711 1737 3768 Pdunbus
1753 3708 1842 3768 tertiis
1857 3708 1979 3784 partibus

559 3851 564 3856 ,
596 3787 725 3855 inslitsi,
771 3809 872 3865 nempe
899 3788 1094 3850 considerando
1122 3786 1261 3847 astionem
1318 3806 1380 3846 aurs
1400 3789 1653 3850 CNdcentro'C
1676 3807 1787 3850 remoto
1808 3790 1889 3849 :nic
1910 3806 1981 3868 ergo

596 3870 733 3950 magnetis
757 3868 786 3927 in
807 3889 886 3927 acum
905 3869 1113 3949 magneticam,
1129 3883 1261 3942 quantum
1318 3864 1436 3931 collesia
1452 3867 1555 3930 censeri
1582 3869 1669 3946 potest
1692 3885 1750 3929 tota
1777 3870 1816 3930 vis
1838 3870 1978 3948 magneti·

586 3965 700 4028 'nempe
719 3970 769 4027 pro
780 3949 856 4009 varii
867 3952 1002 4030 magnetis
1021 3943 1170 4010 dissentiri
1182 3965 1262 4030 mag·
1318 3965 1353 4006 oa
1371 3965 1531 4010 convertens
1552 3950 1736 4056 parteanN
1745 3987 1756 4020 ,
1773 3953 1804 4011 dt
1823 3953 1924 4011 eodem
1935 3967 1981 4009 ra-

585 4031 692 4092 'netico
710 4029 868 4091 meridiano
883 4047 963 4090 acum
977 4030 1160 4105 detorqueat,
1180 4045 1262 4106 atque
1319 4027 1437 4090 tiocistio
1458 4029 1506 4090 ¹uis
1527 4031 1658 4108 repulsiva
1690 4047 1851 4091 convertens
1870 4047 1981 4108 partem

586 4113 650 4174 unte
685 4109 822 4177 ratione,
862 4111 1052 4184 experimenta
1087 4115 1104 4170 “a
1136 4112 1263 4189 Wistlrono
1320 4110 1600 4188 CSsinpunsiop,
1617 4112 1720 4172 duabus
1731 4113 1820 4172 tertiis
1837 4115 1913 4172 atesis
1926 4109 1981 4172 C'S

599 4191 724 4254 instituta
751 4191 828 4250 soille
847 4197 859 4262 (
875 4190 925 4248 nist
945 4190 1083 4252 memoria
1101 4189 1197 4260 saliit)
1212 4211 1264 4270 ptr·
1321 4193 1338 4250 ‘a
1359 4209 1454 4251 centro
1474 4193 1500 4252 C
1518 4211 1648 4263 remoto,
1669 4193 1787 4255 correers
1806 4193 1910 4252 centeri
1928 4211 1980 4269 po·

585 4273 653 4346 sto,
667 4291 727 4350 quae
739 4273 811 4333 sorte
831 4271 981 4330 Methodus
997 4291 1031 4331 ea
1050 4271 1088 4330 est
1105 4270 1192 4331 etiam
1211 4277 1263 4348 qui
1320 4272 1390 4339 tell,
1410 4274 1441 4332 8(
1454 4274 1756 4352 propteraequalitatem
1767 4274 1902 4334 lineatum
1911 4274 1981 4343 CN,

598 4357 774 4415 anronus
798 4351 981 4421 ustulasses,
1002 4355 1032 4413 &
1050 4351 1114 4411 sane
1132 4351 1260 4413 omnibus
1320 4352 1392 4419 GS,
1412 4353 1532 4429 ideoque
1551 4357 1669 4431 partium
1695 4357 1751 4414 Cl'
1770 4373 1802 4412 ac
1824 4359 1893 4432 Cp,
1923 4373 1983 4415 rota

600 4439 687 4514 probe
708 4434 806 4494 notatis
828 4431 1262 4508 quaeadoestimationemvirium
1319 4431 1360 4492 vis
1378 4437 1535 4514 magnetica
1545 4450 1603 4492 tam
1622 4433 1763 4494 attraffiua
1775 4441 1859 4512 quim
1871 4435 1983 4513 repulli-

546 4523 549 4528 “
599 4515 792 4590 requiruntur,
811 4512 852 4575 vis
870 4515 1034 4594 magnerice
1044 4512 1261 4575 diminutionem
1317 4535 1352 4574 va
1370 4534 1451 4572 acuns
1460 4534 1575 4576 convert
1592 4515 1729 4594 nspunsio
1742 4519 1760 4575 P
1772 4519 1909 4596 applicata
1918 4536 1983 4576 cen-

587 4593 748 4656 'secundnm
765 4592 935 4672 triplicatam
954 4596 1094 4657 rationem
1110 4596 1262 4672 procedere
1319 4594 1374 4654 seri
1395 4595 1490 4672 pt'tesl.

583 4671 794 4753 “experimentis
811 4679 895 4750 quim
914 4675 1110 4736 accuratissime
1128 4675 1204 4752 potui
1222 4675 1265 4734 in·
1359 4674 1390 4733 si
1415 4695 1530 4754 magnes
1550 4677 1583 4734 M
1601 4676 1635 4734 ab
1653 4694 1704 4734 acu
1716 4673 1822 4737 infinite
1837 4679 1948 4736 discret
1971 4714 1982 4746 ,

585 4751 697 4821 ¹¹liitutis
712 4754 908 4836 deprehendi,
939 4755 1133 4836 quapridem
1153 4755 1265 4834 expeti,
1320 4754 1380 4836 pati
1397 4755 1543 4821 ratiocinio
1554 4757 1742 4822 ostenderetur
1760 4760 1914 4824 rimtotarn
1925 4763 1983 4832 qua

1909 4855 1980 4908 cosse
2006 4851 2014 4856 “
