4444 5718
1279 15 1290 50 ι
1355 1 1367 6 -

575 351 650 432 286
755 343 1123 441 .snaots1nro
1160 341 1403 460 Paratus
1439 361 1491 429 ts
1529 329 1760 428 Crustu·

421 521 541 603 (Μ,
578 523 761 606 quaerent,
783 497 878 592 cujus
898 493 1080 592 explicatio
1094 517 1175 572 mort
1199 496 1273 573 satis
1285 496 1431 577 dtucide
1443 499 1492 577 esi
1504 496 1668 578 subversa.
1723 485 1879 592 Superest
1903 485 1969 566 dea

466 625 499 706 1,
579 603 682 702 nique
701 593 1062 677 summasunmna,
1089 618 1165 693 quae
1188 593 1322 672 nemine
1335 597 1588 676 contradicente
1609 587 1846 674 Phaenomenis
1866 581 1973 662 mults

584 699 692 794 magis
705 695 752 772 esi
765 691 1008 768 consentanea:
1029 706 1062 766 at
1077 689 1111 764 in
1135 716 1175 768 ea
1188 693 1223 770 id
1238 693 1341 790 ipsum
1369 698 1459 788 quod
1481 695 1547 772 hoc
1569 695 1647 774 loco
1662 689 1840 793 queritur,
1876 681 1974 762 causa

583 797 710 884 scilicet
727 788 887 888 physica,
907 814 976 867 nun
998 789 1197 886 assignatur,
1221 793 1278 867 sed
1300 790 1409 896 pptiirs
1432 793 1478 868 ad
1498 793 1674 891 qualitates
1689 787 1838 864 occultes
1862 778 1976 860 referri

587 897 742 984 videtur,
755 885 888 962 interim
911 904 1023 966 tamen
1050 913 1092 962 ne
1112 889 1186 966 haec
1216 888 1351 986 quidem
1372 889 1501 966 theoria
1523 891 1599 968 satis
1617 891 1666 972 est
1687 885 1847 965 evoluta,
1870 899 1907 958 ut
1932 881 1977 956 de
2088 949 2092 958 .

581 995 660 1086 seius
681 990 749 1068 srve
769 984 929 1062 consensu
954 985 1024 1067 stve
1045 985 1182 1062 dissensu
1207 1009 1285 1064 cum
1310 986 1594 1066 observationibus
1606 982 1764 1084 judicium
1782 983 1857 1059 satis
1870 993 1977 1054 tutum

591 1089 671 1170 ferri
715 1099 801 1164 ueat.
977 1111 981 1118 ·
1765 1151 1769 1166 ,

645 1191 675 1279 5.
692 1113 733 1262 d
761 1179 848 1258 Citm
872 1177 974 1278 igitur
997 1179 1132 1257 dubium
1157 1179 1196 1257 stt
1221 1182 1371 1268 nulium,
1410 1182 1489 1281 quin
1516 1180 1641 1260 Fluxds
1659 1169 1698 1258 dc
1717 1176 1878 1256 Refluxtis
1897 1173 1981 1248 Ma·

488 1305 506 1338 s
597 1286 643 1362 tis
661 1281 754 1376 cansa
778 1284 813 1354 in
837 1280 961 1354 viribus
981 1278 1184 1356 externis&
1211 1281 1351 1356 realibus
1379 1277 1418 1354 sit
1443 1281 1567 1376 postte,
1585 1305 1662 1379 quae
1684 1280 1709 1354 st
1732 1276 1914 1378 cessarent,¹
1940 1268 1980 1344 st·

598 1386 667 1460 mus
681 1382 778 1458 aesius
795 1375 902 1450 Maris
929 1398 1008 1452 mox
1025 1374 1262 1457 evanesceret,
1283 1379 1339 1452 ubi
1355 1380 1478 1454 lateant
1492 1379 1545 1452 hae
1563 1379 1704 1464 vires&
1720 1373 1893 1474 quomodo
1917 1368 1980 1442 stat

596 1503 675 1557 com
700 1493 799 1554 arctae
822 1469 1018 1570 potiffimdm
1045 1477 1143 1550 nobis
1164 1475 1226 1550 erit
1245 1476 1503 1572 explicandum,
1526 1475 1591 1551 hoc
1611 1477 1699 1548 enim
1722 1473 1818 1548 estid
1845 1468 1947 1564 ipsum
1972 1502 1987 1540 2

599 1506 699 1676 quod
719 1569 933 1648 celeberrima
969 1568 1157 1646 Academia
1174 1569 1389 1649 scientiarum
1415 1572 1524 1668 Regia
1550 1573 1584 1648 in
1605 1569 1787 1670 quaestione
1813 1566 1983 1662 propostte

599 1671 747 1774 requirit.
781 1667 902 1766 Neque
924 1666 1006 1744 vert
1030 1668 1117 1744 vires
1140 1671 1375 1748 tantummodo
1390 1669 1545 1748 indicasse
1565 1671 1725 1764 sufficiet,
1749 1663 1864 1746 veriam
1891 1687 1981 1759 prae·

599 1776 693 1846 terei
714 1768 748 1840 id
773 1765 915 1840 maxime
933 1765 996 1842 erit
1018 1765 1296 1853 monstrandum,
1323 1772 1495 1866 quomodo
1515 1771 1583 1846 ittae
1608 1771 1695 1848 v‘res
1715 1782 1846 1862 agant,
1884 1776 1982 1859 atque

601 1868 665 1944 hos
691 1861 778 1961 ipsos
794 1859 953 1947 effeetus,
980 1889 1064 1962 quos
1078 1867 1314 1948 observamus,
1339 1892 1409 1942 non
1422 1863 1504 1946 verd
1525 1869 1608 1944 alios
1622 1865 1826 1964 producantt
1860 1858 1892 1934 iu
1918 1861 1983 1934 hoc

602 1966 691 2041 enim
715 1963 814 2036 totius
833 1960 1023 2057 quaefflnnis
1038 1966 1167 2045 cardo,
1192 1964 1426 2060 explicationis
1448 1964 1567 2043 scilicet
1580 1962 1813 2044 confirmatio,
1835 1956 1984 2034 uertitur.

603 2060 771 2156 Quoniam
798 2073 907 2132 autem
927 2063 1119 2158 plerumque
1141 2059 1288 2154 pluribus
1307 2063 1429 2138 viribus
1454 2061 1690 2162 excogitandis
1727 2059 1817 2136 idem
1843 2056 1985 2166 Phaeno-

604 2183 730 2234 menon
744 2153 904 2252 explicari
929 2159 1059 2250 potest,
1085 2156 1226 2233 nuatum
1249 2157 1474 2236 adhibendum
1495 2163 1542 2236 esi
1567 2163 1723 2236 summum
1738 2158 1772 2231 in
1794 2158 1858 2230 hac
1888 2155 1984 2229 tnda·

604 2257 766 2354 gerione,
789 2277 832 2328 ne
846 2253 889 2330 ad
909 2253 996 2330 vires
1007 2253 1122 2330 inanes
1147 2273 1247 2354 atque
1271 2255 1479 2352 imaginarias
1493 2259 1712 2340 delabamur,
1737 2277 1813 2354 quae
1839 2251 1870 2324 in
1892 2274 1988 2326 mun·

602 2357 779 2450 doneque
802 2351 873 2424 sunt
899 2376 1007 2449 neque
1030 2353 1141 2427 locum
1170 2355 1291 2430 habere
1316 2353 1453 2452 potsunt.
1503 2355 1620 2432 Parum
1642 2355 1730 2430 enim
1753 2349 1897 2430 scientiae
1929 2373 1993 2426 na·

605 2451 700 2526 turarii
721 2449 917 2524 consuunt,
943 2449 999 2545 qui
1017 2451 1132 2546 quouis
1159 2449 1385 2536 Phaenonreno
1411 2457 1526 2530 oblato
1547 2456 1606 2567 sibj
1633 2479 1695 2552 pro
1716 2449 1853 2530 arbitrio
1875 2443 1990 2523 mundi

605 2547 800 2624 sttusturam
821 2547 1017 2642 peculiarem
1031 2548 1215 2642 effingunt,
1243 2575 1349 2648 neque
1361 2554 1432 2626 sunt
1444 2550 1592 2635 solliciti,
1616 2551 1723 2626 unnim
1746 2575 1786 2624 ea
1806 2569 1990 2640 compages

606 2665 683 2720 cunr
711 2643 781 2719 aliis
806 2642 1037 2720 Phaenomenis
1058 2645 1231 2720 confluere
1259 2663 1383 2744 queat,
1408 2673 1449 2722 an
1474 2649 1558 2724 vers>
1580 2649 1679 2726 secits.
1723 2644 1828 2741 Qudd
1853 2645 1989 2718 sienim

605 2741 669 2837 jam
696 2740 828 2818 attonde
852 2741 981 2816 constet
995 2741 1132 2818 existere
1147 2742 1179 2816 in
1203 2745 1328 2818 mundo
1347 2747 1504 2837 ejusmodi
1521 2749 1630 2830 vires,
1658 2772 1734 2846 (με
1751 2743 1866 2819 oblato
1885 2737 1991 2817 effec-

606 2837 654 2916 tui
674 2839 973 2948 producendpsurt
1000 2865 1123 2937 pares,
1148 2838 1263 2915 seusus
1282 2864 1380 2916 omne
1394 2844 1535 2921 studium
1558 2845 1593 2922 in
1611 2844 1850 2944 conquisitione
1871 2839 1990 2916 uirium

592 2957 765 3020 ¹novarum
789 2935 1020 3028 collocabitur.
1180 3007 1182 3012 .
1373 3011 1377 3021 ,

658 3035 738 3144 Μ.
771 3032 937 3142 Quoniam
962 3053 1072 3112 autem
1095 3034 1139 3110 ad
1158 3038 1285 3112 causam
1309 3039 1464 3138 cujusque
1488 3041 1707 3117 Phaenomeni
1728 3041 1955 3134 detegendam
1980 3077 1994 3119 a

609 3129 653 3208 ad
675 3133 818 3228 tragulas
835 3133 1091 3210 cncunttannas
1110 3131 1224 3210 sedusd
1237 3137 1410 3213 attendere
1421 3139 1551 3217 necesse
1566 3139 1638 3223 est,
1662 3155 1739 3216 ante
1753 3137 1864 3214 omnia
1882 3131 1996 3211 mirifi-

613 3249 688 3302 mrm
723 3228 912 3304 consensum
938 3231 1033 3308 aettn
1068 3229 1177 3308 Marte
1204 3235 1278 3308 cu'm
1299 3255 1392 3310 motu
1417 3233 1525 3316 Lunae
1546 3238 1768 3336 contemplari
1803 3236 1995 3316 conveniet.

609 3321 688 3398 Non
709 3322 811 3402 sussrm
831 3325 920 3403 enim
945 3329 1080 3428 insignis
1099 3331 1268 3408 harmonia
1283 3332 1367 3410 inter
1384 3332 1500 3412 aeshrm
1522 3334 1654 3421 Maris,
1678 3360 1717 3413 ac
1744 3333 1847 3410 Lunae
1866 3353 1995 3409 motum

612 3419 767 3498 diurnum
786 3425 1044 3522 deprehenditur
1060 3451 1075 3504 s
1098 3429 1155 3502 sed
1172 3427 1270 3506 etiam
1296 3433 1463 3530 revolutio
1488 3433 1644 3532 synodica
1668 3431 1816 3533 tespedu
1832 3432 1919 3508 Sosis
1938 3431 1993 3506 iu·

608 3524 869 3635 gentemvaffert
892 3527 1091 3600 uarietatem.
1133 3525 1262 3602 Omnes
1289 3529 1434 3630 denique
1458 3532 1705 3611 observationes
1723 3531 1855 3608 abunde
1880 3532 1998 3607 decla·

613 3635 867 3696 tantrattonem
896 3617 1087 3699 Floras&
1114 3619 1272 3702 Refluxds
1296 3623 1405 3704 Maris
1428 3631 1446 3710 it
1471 3629 1532 3706 sttu
1566 3627 1641 3706 ciun
1668 3629 1773 3706 Lunae
1798 3649 1870 3703 tum
1896 3630 1996 3704 etiam

615 3711 700 3826 Splis
727 3719 925 3827 conjunctim
976 3721 1120 3794 endere:
1146 3745 1188 3794 ex
1209 3745 1277 3819 qao
1301 3723 1407 3800 statim
1432 3751 1541 3820 prono
1559 3729 1733 3807 ratiocinio
1755 3730 1853 3802 conse
1879 3729 2000 3807 uittas

469 3913 474 3922 .
614 3834 703 3923 utres
728 3813 799 3890 tllas
810 3819 924 3893 aestnm
1010 3816 1313 3929 superducentes,
1336 3847 1542 3923 quaecunque
1557 3826 1753 3904 etiamsintr
1781 3749 1999 3904 citmqiuuam

478 3946 481 3954 ·
615 3906 839 4026 mmmm?
876 3913 943 4026 tiam
961 3913 1046 4026 uerd
1072 3932 1171 3996 ettam
1192 3919 1304 3994 Solem
1329 3920 1488 4020 respicere
1511 3925 1644 4002 debere.
1683 3927 1913 4022 Quamobrem
1935 3926 1998 3998 im·

543 4055 550 4062 -
615 4027 735 4120 ptttnts
755 4009 853 4088 nobis
877 4027 938 4086 ent
963 4013 1218 4112 inquirendum,
1246 4033 1353 4094 utrum
1377 4007 1537 4116 ejusrnirdi
1557 4023 1643 4100 uires
1672 4025 1782 4102 sotem
1811 4021 1999 4102 &Lunam

617 4102 857 4201 respicientes,
884 4107 1004 4208 quaein
1026 4111 1119 4208 aquis
1134 4111 1232 4188 talem
1250 4115 1428 4203 effaetum,
1452 4119 1555 4217 quasis
1580 4123 1626 4195 esi
1646 4121 1742 4197 aessus
1767 4122 1899 4205 Maris,
1923 4141 2001 4218 pro

618 4202 741 4277 ducere
764 4222 910 4300 queant.
930 4207 1001 4302 jure
1019 4233 1059 4284 ac
1085 4209 1215 4316 ratipne
1226 4211 1321 4289 statui
1344 4215 1483 4310 possint,
1509 4239 1550 4290 au
1577 4215 1679 4294 sectis.
1732 4217 1783 4293 Ac
1804 4217 1830 4290 st
1855 4221 2015 4316 pluribus„

615 4300 730 4400 modis
756 4301 932 4380 istiusnodi
959 4304 1046 4382 vires
1064 4307 1176 4381 animo
1195 4310 1372 4406 concipere
1392 4314 1515 4394 siccati
1540 4314 1720 4412 diiigenter
1738 4315 1800 4390 erit
1821 4313 2002 4416 dispicien-

616 4395 695 4468 drm
707 4440 720 4508 .’
745 4423 895 4512 quaenam
914 4427 988 4480 cum
1012 4402 1081 4482 asiis
1101 4402 1333 4498 Phaenomenis
1354 4411 1528 4490 cortfissrre
1551 4413 1667 4511 possuit
1692 4435 1755 4490 nec
1781 4437 1834 4488 ne.
1882 4415 1999 4509 Quan-

613 4503 835 4582 ttmuuamm
855 4501 1035 4601 explicatio
1045 4502 1209 4602 quaepiam
1223 4529 1299 4584 cunt
1319 4507 1551 4589 Phaenomenis
1564 4511 1757 4610 conspiret,
1782 4513 1842 4589 nisi
1854 4515 1971 4603 virium
1983 4554 2005 4596 ‚

614 4669 619 4678 .
1785 4661 1790 4668 -
1928 4631 2009 4705 quae
