4406 5718
297 353 302 360 ’
353 363 355 366 ’
432 333 785 481 Pniuctrrt
827 365 1358 485 Minnnnrtnct.
1546 397 1617 516 3‘9

288 517 398 602 Coros.
419 549 455 624 3.
485 517 615 634 Spatia
641 523 775 610 omnia
804 553 883 612 non
912 529 996 611 sunt
1030 525 1225 636 aequalitet
1263 522 1388 639 plena.
1447 521 1559 608 Nam
1590 525 1620 603 st
1653 522 1786 584 Lim

153 673 180 688 ’-
222 627 340 758 spatia
367 631 498 758 omnia
514 637 710 744 aequaliter
727 638 839 758 plena
853 641 996 739 essent,
1027 641 1194 750 gravitas
1213 636 1393 754 speaifica
1410 633 1520 719 fluidi
1536 669 1616 746 quo
1630 603 1719 744 ξξζζ
1719 619 1774 746 ωᾷ·
1779 685 1803 744 1,

221 773 331 850 regto
358 755 450 828 a'e'rrs
474 749 725 862 impleretur,
753 755 807 841 ob
843 759 1034 841 summam
1059 757 1287 842 densitatem
1317 750 1514 848 matetiae,
1560 750 1614 836 nil
1631 766 1775 828 Tutor.

223 861 377 946 cederet
408 863 586 966 gravitati
613 869 802 984 specifica
822 871 968 978 argenti
994 870 1097 968 vivi,
1130 867 1313 966 velauri,
1347 869 1411 954 vel
1442 869 1618 980 corporis*
1632 847 1696 908 Vt.

222 973 371 1060 alterius
397 977 669 1090 cujuscunque
686 983 919 1089 denstffimi3
950 995 991 1070 dt
1010 1012 1209 1100 propterea
1227 1011 1303 1067 nec
1321 986 1457 1066 auru'm
1483 1011 1612 1090 neque

224 1089 326 1188 aliud
351 1093 617 1208 quodcunque
637 1131 777 1214 corpus
795 1100 935 1187 iuuere
952 1100 1187 1188 descendere
1204 1097 1338 1214 posset.
1400 1099 1511 1180 Nam
1528 1128 1613 1182 cot-

217 1237 311 1322 pora
325 1207 367 1290 in
393 1208 542 1310 fluidis,
575 1212 642 1298 nist
660 1214 839 1330 specifice
857 1217 1032 1320 graviora
1051 1219 1147 1314 sint,
1176 1209 1342 1297 minime
1360 1212 1611 1326 descendunt.

217 1321 342 1434 Quod
378 1326 405 1408 fi
437 1329 626 1434 quantitas
659 1333 828 1417 materia
859 1330 900 1415 in
933 1334 1053 1446 spatio
1087 1332 1179 1415 dato
1222 1359 1290 1441 per
1317 1329 1611 1414 raresatlionem

217 1465 495 1552 quamcunque
518 1442 686 1528 diminui
699 1446 827 1560 posin,
857 1445 996 1556 quidni
1019 1445 1187 1530 diminui
1204 1444 1316 1558 poffit
1335 1442 1610 1528 ininfinitumi

277 1557 388 1642 Coros.
411 1587 449 1658 4.
480 1556 525 1640 Si
550 1579 690 1644 omnes
708 1561 888 1648 omnium
915 1591 1125 1679 corporum
1157 1557 1353 1673 particulae
1383 1557 1513 1645 solidae
1537 1561 1609 1645 stnt

216 1668 391 1775 ejusdem
404 1669 622 1770 densitatis,
651 1703 780 1784 neque
796 1680 872 1760 stne
884 1677 988 1790 potis
1004 1672 1332 1790 rarefietipuffint‚
1350 1686 1365 1776 (
1375 1691 1416 1774 Ζ)
1434 1701 1609 1758 vacuum

217 1785 339 1872 datur.
383 1784 571 1894 Ejusdem
593 1789 785 1877 densitatis
813 1792 890 1878 esse
921 1791 1036 1894 dico,
1068 1807 1135 1898 (ἃ)
1158 1819 1321 1900 quarum
1339 1789 1443 1875 vites
1458 1787 1606 1876 inertia

220 1903 305 1986 sunt
322 1927 363 1986 ut
386 1903 681 2009 magnitudines.
795 1941 799 1948 ·
1065 1977 1070 1987 .

276 2021 383 2106 Corol.
415 2047 449 2122 5.
483 2020 553 2106 Vis
574 2022 644 2124 (b)
674 2023 870 2129 gravitatis
894 2022 1036 2110 divetst
1065 2025 1120 2104 est
1145 2020 1296 2126 generis
1326 2016 1348 2101 *a
1376 2015 1419 2104 vi
1442 2047 1605 2122 magne-

180 2203 182 2208 .
215 2130 302 2222 tica.
360 2135 473 2220 Nam
485 2137 657 2225 attractio
674 2140 893 2248 magnetica
906 2166 987 2224 non
1004 2142 1058 2226 est
1074 2159 1116 2224 ut
1131 2133 1292 2221 materia
1304 2140 1468 2222 atttasla.
1501 2132 1604 2220 Cor-

1507 2281 1602 2365 pota

256 2477 320 2560 (2)
338 2479 360 2521 ¹¹
382 2457 500 2542 Vaturttri
520 2483 606 2544 datur.
643 2485 750 2559 Quibus
768 2487 880 2566 respon·
936 2475 1606 2576 ‘¹repulsionibutquarumproportionemindi·
1716 2525 1727 2560 .·

214 2557 333 2623 tionibus
362 2564 417 2624 hoc
443 2565 593 2626 anrour
613 2567 790 2630 ratiocinium
808 2569 879 2630 effu·
936 2567 1066 2628 «stanno
1089 2563 1196 2624 ratione
1216 2563 1355 2640 triplicati
1378 2559 1537 2619 decrescere
1554 2560 1605 2616 de·

213 2640 292 2724 giant
312 2640 486 2714 ethelmi,
506 2647 563 2726 jam
572 2645 693 2710 diximus
703 2649 715 2730 (
726 2651 776 2710 lib.
791 2669 817 2710 2.
832 2672 877 2713 ou.
934 2660 953 2692 ‘¹
967 2646 1135 2727 prehendit,
1154 2643 1201 2702 sed
1219 2643 1282 2720 quia
1296 2641 1367 2704 nihil
1386 2641 1420 2700 de
1433 2639 1604 2702 hlcreulte-

217 2728 285 2791 ¹⁸⁷·
935 2741 952 2771 “
963 2728 1018 2790 rius
1029 2723 1239 2794 determinavit,
1257 2741 1309 2784 nec
1320 2721 1451 2799 ampleeii
1470 2720 1528 2796 ejus
1544 2721 1604 2780 sen-

252 2799 377 2882 (aii‘
405 2811 531 2887 Quarum
555 2811 626 2869 virts
650 2813 757 2886 inertia.
796 2807 874 2872 Ciun
933 2810 1079 2870 “tentiam
1102 2803 1258 2884 possumus.
1276 2840 1304 2870 ‚,.
1353 2805 1392 2860 Ut
1412 2799 1603 2882 intelligantur

212 2884 292 2944 enirn
313 2882 355 2943 vis
380 2884 485 2946 inertie
518 2886 548 2946 sit
580 2889 723 2964 qu'antitari
751 2891 876 2952 rnateriae
931 2893 991 2950 haec
1008 2887 1115 2952 clariss.
1136 2886 1343 2964 Muschenbrolu't'
1369 2883 1484 2952 rerba,
1513 2881 1602 2944 l'cien-

214 2962 430 3042 ptoportionalit
440 3003 451 3034 ,
472 2965 575 3028 finiret
592 2969 799 3033 inertiaesuntut
817 2991 877 3031 ma·
933 2971 1001 3032 dum
1010 2971 1060 3040 esi,
1073 2969 1165 3029 virum
1174 2964 1416 3029 dodilhmumsuit
1426 2961 1604 3040 experimen·
1689 3003 1694 3024 ‚

213 3043 390 3124 guitudines‚
412 3045 615 3128 magnitudines
644 3049 703 3112 sunt
721 3071 749 3114 ut
767 3051 877 3130 quanti·
932 3051 966 3112 tit
987 3051 1017 3112 in
1043 3071 1108 3111 eant
1125 3047 1269 3108 inductum
1292 3045 1368 3106 sitisse
1388 3042 1570 3122 suspicionem
1589 3081 1603 3112 ,

212 3143 284 3184 Μ
313 3125 437 3188 materh
463 3165 475 3200 ³
502 3129 558 3190 hoc
574 3130 639 3202 esi,
667 3132 727 3194 sunt
754 3133 877 3213 ejusdem
932 3132 1008 3208 quod
1029 3131 1132 3214 scilicet
1159 3148 1273 3208 magnes
1309 3125 1444 3188 constaret
1478 3123 1600 3201 partibus

211 3203 359 3266 dfflfiffl‘ss·
932 3213 1016 3274 valde
1033 3211 1237 3290 heterogeneit,
1249 3227 1365 3284 quarum
1380 3207 1505 3282 quadarn
1516 3222 1599 3265 attra-

252 3288 321 3363 (b)
348 3286 369 3332 *
397 3292 442 3350 Vis
460 3295 607 3370 gravitatis
626 3294 725 3376 diverfi
741 3295 775 3373 est
793 3315 877 3375 getre-
933 3296 1055 3363 herent,
1081 3293 1208 3369 quadam
1229 3289 1416 3368 repellerent,
1438 3285 1477 3346 iti
1495 3303 1526 3346 ut
1540 3285 1601 3345 dure

214 3371 262 3428 tis.
304 3367 413 3430 Clariss-
438 3373 639 3450 Mustlrmbroeh
653 3374 688 3434 'in
708 3375 879 3437 Dissertatio·
935 3373 991 3434 illae
1011 3375 1083 3436 viret
1104 3371 1232 3450 opposita
1252 3371 1297 3432 rel
1318 3367 1446 3444 implicit
1471 3364 1601 3444 repulsio·

212 3467 249 3508 ne
265 3447 301 3507 de
328 3450 461 3528 Magnete
486 3453 606 3531 plurima
617 3473 698 3531 atque
717 3457 879 3518 accuratiffi·
936 3455 979 3515 uio
997 3457 1043 3518 uel
1061 3453 1230 3516 attractionis
1252 3448 1462 3536 proportionem
1479 3447 1599 3506 turbent.

211 3545 259 3588 ma
278 3530 315 3588 de
342 3531 453 3610 hujusce
471 3532 571 3612 lapidis
592 3533 701 3598 afflone
721 3535 807 3600 refert
826 3557 878 3598 ett-
935 3539 1024 3613 quue
1035 3555 1092 3597 non
1107 3553 1182 3596 caret
1195 3527 1444 3596 verisimilitudine,
1461 3524 1528 3586 ctlrn
1549 3544 1600 3584 ex·

210 3609 378 3688 perimeuta.
410 3616 454 3672 Fut
473 3614 609 3692 descripti
630 3621 647 3678 i
667 3618 876 3700 diligentiffimo
934 3617 1094 3695 perimentis
1116 3613 1282 3677 notitiimum
1303 3608 1354 3680 fit,
1385 3625 1527 3687 magnetes
1542 3626 1600 3670 nou

211 3689 275 3752 viro
297 3693 553 3770 experimentorum
571 3695 640 3756 serie
657 3698 747 3776 palam
758 3700 875 3776 quidem
933 3697 1026 3761 solium
1044 3699 1100 3758 sese
1116 3697 1213 3756 mutuo
1222 3694 1360 3754 attrahere
1370 3727 1381 3760 ,
1402 3691 1449 3748 led
1461 3689 1548 3747 etiarn
1557 3687 1597 3748 al·

211 3767 243 3830 fit
261 3775 396 3848 equalem
423 3795 480 3837 non
500 3774 555 3835 else
578 3779 713 3859 magnetis
741 3780 771 3840 iu
798 3781 876 3858 varia
932 3797 1040 3843 terutro
1066 3793 1200 3858 magnete
1229 3775 1259 3834 in
1295 3769 1461 3835 contrariam
1486 3787 1596 3849 partem

210 3855 332 3929 (οΓΡόῐὲ
351 3854 511 3927 affinem>
542 3877 660 3933 eamque
681 3860 877 3938 compellatum
933 3860 1085 3930 converso,
1107 3879 1192 3918 uuum
1214 3856 1248 3915 ab
1269 3854 1358 3916 altero
1378 3845 1487 3928 repelli.
1513 3852 1598 3910 Uter·

209 3929 608 4008 viciffitudinibusobnoxiam,
626 3942 657 4002 &
673 3941 877 4004 moderemini
933 3961 987 4017 que
1008 3939 1146 4021 magnetis
1162 3937 1240 4017 polus
1262 3937 1321 3998 vin
1346 3932 1598 4021 repellentemat-

212 4015 300 4076 modo
328 4015 445 4078 intendi.
487 4024 524 4078 At
553 4019 611 4078 vim
634 4024 822 4102 magneticam
846 4023 877 4083 in
933 4041 986 4097 que
1010 4022 1194 4081 attrahentem
1212 4013 1430 4093 aequeollendin
1450 4009 1598 4073 &rdcrrtd

212 4095 318 4156 ratione
343 4097 433 4158 multo
451 4096 552 4160 minori
571 4104 654 4175 qu'am
678 4102 815 4182 triplicati
833 4105 876 4165 di·
934 4121 969 4160 ex
980 4103 1083 4163 eodem
1100 4102 1169 4181 polo
1187 4097 1228 4159 vis
1250 4098 1388 4158 attrahens
1409 4095 1440 4155 ὅ(
1461 4092 1599 4170 repellent

209 4175 372 4238 stantiarum
400 4178 580 4249 decrescere,
604 4183 707 4244 eaden
732 4185 877 4248 ostendunt
934 4202 1056 4245 emanat.
1086 4183 1116 4244 si
1138 4178 1224 4242 amici
1243 4183 1402 4260 magnetum
1414 4171 1471 4253 poli
1486 4171 1535 4230 srbi
1547 4169 1598 4261 ob·

212 4257 411 4335 experimenta.
441 4259 516 4320 Hinc
537 4262 594 4336 poli
614 4263 804 4344 transcriptum
823 4269 877 4328 hoc
933 4283 1094 4334 vertantur,
1115 4259 1241 4324 attrastio
1258 4257 1401 4337 prepollet
1419 4249 1564 4342 repulfionr
1585 4287 1597 4319 ,

211 4336 302 4414 ἰΡίὶιηι
318 4341 510 4400 Corollatiurn
530 4343 598 4412 V.‚
632 4345 721 4405 subdit
737 4347 876 4426 Mttsclren-
934 4345 1102 4408 sidcontr'a
1120 4341 1225 4402 inimici
1248 4340 1303 4416 poli
1323 4336 1378 4394 sese
1396 4333 1519 4392 invicem
1542 4330 1597 4390 res·

211 4419 303 4480 treet:
322 4421 460 4481 “utinam
479 4423 624 4484 memoriae
642 4425 753 4502 prodita
769 4427 877 4489 fuissent
935 4426 1036 4505 piciant
1047 4463 1058 4496 ,
1085 4422 1214 4502 prteralet
1234 4414 1360 4497 repulsio.
1402 4410 1598 4482 Quamobrem

211 4497 429 4574 “experimenta
457 4522 493 4561 ex
512 4503 608 4580 quibus
624 4509 801 4570 Nuwrouue
818 4511 877 4570 hac
935 4505 983 4584 qui
1004 4507 1092 4567 solam
1104 4500 1306 4574 ¹attrutiionem
1327 4493 1385 4558 rult
1400 4491 1567 4572 cognoscere
1587 4514 1598 4564 3

213 4589 232 4620 “
242 4577 375 4670 collegi„
394 4581 505 4648 sorfitan
520 4585 597 4644 enim
609 4585 651 4648 vir
670 4589 806 4668 stupenda
818 4589 878 4651 sub-
935 4589 1106 4666 pertpcslam
1125 4583 1228 4644 habere
1242 4579 1326 4639 debet
1343 4575 1509 4639 eorumdem
1522 4575 1599 4664 polo·

211 4659 349 4720 “utitatis
369 4659 398 4720 in
422 4663 628 4726 Mathematicie
655 4668 804 4748 disciplinis
817 4691 879 4730 rne-
935 4689 999 4729 rum
1017 4668 1073 4728 uim
1085 4662 1260 4746 repulsum,
1277 4678 1394 4736 eantque
1406 4656 1546 4716 adderent
1556 4671 1599 4743 at-

212 4740 364 4814 Rhodum
379 4741 486 4810 invenit
503 4745 646 4830 separandi
668 4751 880 4820 attrastiouete
935 4749 1056 4814 trahenti
1075 4747 1268 4830 experimento
1280 4740 1415 4884 eggnitae,
1433 4736 1553 4874 simii
1555 4751 1598 4870 ¹¹2·
1681 4783 1687 4789 -

1344 4839 1363 4881 e
1555 4840 1600 4879 t:
