4444 5718
158 326 160 334 ,
243 413 247 426 -
359 345 1499 442 erurusrcltaeduxusrdrres.
1577 372 1684 454 345.

242 495 556 614 'fluxustiempore
584 510 674 591 inter
689 509 815 588 Florus
835 504 950 586 medio
973 503 1108 587 circiter
1135 509 1192 605 54!
1216 509 1414 585 aberrabit:
1452 510 1561 586 minor
1583 529 1645 582 ve·
1683 511 1799 592 Cau.

97 627 101 636 '
250 621 290 698 rb
310 618 372 695 erit
386 614 575 695 aberratio,
596 610 665 708 qui>
688 607 822 707 propiite
849 606 1049 713 erlmreglo
1068 607 1189 682 Terrae
1210 605 1279 681 tlrm
1302 605 1396 683 Luna
1428 614 1473 690 ai
1495 621 1645 705 aequato-
1706 611 1777 695 Vl.

249 743 322 796 rem
337 715 529 795 uersentur,
553 711 589 784 id
612 709 704 806 quod
729 727 805 781 cum
850 705 1056 802 experientia
1087 702 1226 788 mirifice
1252 709 1423 783 conuenit.
1473 705 1641 801 Quoniam

244 813 508 892 ''autemharcex
522 807 636 886 valore
660 803 790 904 ipliusg
814 803 948 878 aliumto
962 805 1230 904 consequuntur,
1254 802 1411 899 imprimis
1424 807 1530 882 notari
1540 827 1641 898 opor·

249 929 326 997 tet,
352 911 493 984 litteram
507 930 533 1003 g
563 925 632 975 non
658 900 751 996 polle
784 899 929 975 absolute
968 897 1203 978 determinari,
1231 901 1286 974 sed
1304 901 1374 992 ejus
1396 902 1640 1000 quantitatem,

253 1011 379 1110 quippe
403 997 479 1104 ipuae
499 999 716 1076 mobilitatem
740 997 844 1072 totius
868 996 999 1074 Oceani
1012 997 1163 1096 spectat,
1186 993 1262 1070 crlm
1287 999 1330 1072 ab
1355 1003 1549 1078 extensione
1570 995 1640 1070 tirm

247 1109 349 1192 ¹etiam
370 1097 596 1202 profunditate
609 1095 717 1172 Maris
743 1095 918 1190 penderet
941 1117 986 1170 err
1011 1121 1079 1195 quo
1093 1093 1191 1174 variis
1209 1095 1243 1168 in
1257 1093 1426 1175 lociehaec
1444 1100 1561 1176 eadem
1583 1094 1639 1170 lit·

251 1219 322 1280 tera
345 1227 394 1302 g,
419 1196 526 1277 varias
551 1190 811 1286 fignificationes
837 1193 998 1268 sortietur.
1624 1240 1629 1251 ·

246 1317 252 1334 ³
298 1305 329 1397 §.
353 1303 411 1398 89.
460 1292 514 1369 Ex
532 1291 694 1366 solutione.
721 1292 836 1364 horum
857 1291 1007 1383 ,duorum
1044 1294 1315 1388 problematum,
1343 1311 1420 1386 quae
1447 1289 1582 1388 quidem
1604 1293 1639 1368 in

225 1406 227 1414 “
248 1402 281 1480 se
301 1398 447 1494 speciata
469 1415 537 1465 nnn
550 1388 653 1464 solum
671 1386 745 1462 sunt
769 1388 952 1480 attentione
965 1391 1095 1484 digna,
1118 1391 1174 1465 sed
1190 1389 1288 1464 etiam
1302 1384 1378 1463 clem
1399 1389 1547 1484 analyfin
1568 1389 1638 1464 tien

249 1499 349 1573 etiam
371 1487 480 1570 morde
503 1487 669 1563 scientiam
700 1483 925 1579 amplificant,
950 1487 1102 1584 quamvis
1132 1512 1173 1562 ea
1191 1484 1298 1561 talum
1330 1484 1532 1584 propositum
1569 1511 1639 1562 nou

247 1593 380 1691 penitus
409 1586 631 1665 exhauriant,
655 1599 769 1658 tamen
801 1601 911 1660 motus
936 1583 970 1656 in
999 1581 1264 1680 praecedentibus
1290 1580 1451 1679 capitibus
1482 1583 1638 1660 definime

247 1683 482 1782 multomagis
512 1705 589 1758 cum
611 1679 815 1774 experientia
840 1679 1061 1764 conciliatur,
1087 1682 1124 1756 id
1143 1682 1235 1779 quod
1258 1678 1398 1754 theoriae
1429 1680 1555 1756 nollrae
1570 1685 1636 1776 jam

248 1787 379 1884 infigne
393 1781 487 1860 addit
509 1777 763 1853 firmamentum·
817 1777 920 1854 Simili
933 1795 1046 1876 autern
1057 1781 1161 1854 modo
1178 1778 1267 1856 uisi
1292 1777 1359 1853 sole
1384 1775 1536 1870 protecta
1560 1801 1636 1854 cum

250 1880 475 1978 inertiaaquae
501 1875 610 1972 potell
623 1871 808 1968 conjungi,
830 1893 926 1973 atque
940 1875 1034 1950 altus
1056 1871 1167 1952 Maris
1181 1871 1333 1958 definiri,
1367 1871 1561 1968 qutunust
1580 1873 1636 1950 so·

247 1979 326 2056 lavi
349 1979 436 2057 Solis
457 1973 589 2052 oritur,
613 1973 731 2070 quibus
744 1972 874 2048 duobus
897 1969 1482 2070 effetlibusconjungendirjudicare
1498 1969 1635 2058 licebit,

250 2097 393 2174 quantus
413 2073 513 2150 tellus
531 2072 650 2168 quouis
675 2087 826 2161 tempore
851 2073 888 2146 dc
912 2071 1031 2168 quovis
1056 2069 1136 2145 loco
1160 2071 1283 2148 debeat
1308 2065 1454 2144 evenire.
1506 2065 1546 2142 ln
1571 2071 1637 2146 lroc

77 2255 82 2264 ,
121 2225 123 2230 ,
247 2175 383 2270 quidem
406 2168 514 2264 capite
541 2165 767 2262 cogitationes
788 2166 897 2242 adhuc
921 2165 1130 2241 ubomnibua
1144 2163 1481 2242 obstaculis'aTerrd.
1499 2165 1637 2242 &litto-

246 2275 340 2348 ribue
356 2267 507 2346 oriundis
537 2264 664 2358 prorsus
691 2261 932 2346 abstrahimus,
955 2278 1054 2358 atque
1073 2255 1255 2339 uniuersam
1266 2259 1411 2336 Terram
1426 2261 1639 2375 undiquaque

246 2358 776 2552 ttitltdllttdlllttt
794 2356 1638 2551 t,tltttffltltttdtttdtttltltl

607 2499 625 2537 ‚.

231 2559 433 2650 ,irritum
460 2549 610 2650 conferri
638 2545 828 2628 conueniet
879 2549 1049 2643 Quoniam
1084 2568 1192 2628 autern
1225 2553 1373 2628 nondum
1404 2549 1520 2630 notus·
1539 2575 1637 2652 aquae

245 2655 471 2758 progreffrvi,
497 2673 567 2747 quo
580 2647 773 2726 alternative
794 2648 837 2724 ad
853 2647 953 2729 loca,
974 2647 1009 2724 iu
1029 2648 1146 2747 quibus
1157 2648 1280 2728 Fluxus
1304 2654 1341 2730 dt
1364 2647 1525 2728 Reduxue
1546 2651 1635 2728 acci·

245 2756 324 2834 dit,
348 2743 770 2851 progreditur&recedit,
791 2742 954 2822 rationem
969 2746 1166 2826 habuimus,
1191 2746 1321 2824 necelle
1333 2750 1381 2824 est
1391 2765 1428 2824 ut
1442 2745 1637 2826 etiamnunc

246 2867 377 2928 motum
403 2853 440 2928 δι
464 2845 690 2923 Pltaenomena
708 2841 873 2918 iudeorra
891 2844 1165 2964 contemplemur.
1217 2844 1268 2921 Ac
1293 2843 1401 2940 primb
1425 2845 1558 2944 quidem
1586 2845 1636 2924 fa-

166 2959 169 2966 ’
247 2950 310 3025 cite
324 2946 548 3044 intelligitur,
582 2936 658 3016 ciem
671 2942 717 3014 olo
736 2938 885 3015 inertiam
902 2959 1079 3040 aquatum
1099 2943 1196 3020 etiam
1217 2941 1281 3020 alia
1298 2941 1536 3038 impedimenta
1556 2967 1633 3020 mo·

246 3048 296 3124 tui
317 3045 495 3147 oppofita,
518 3061 638 3136 aquam
660 3053 727 3110 tam
750 3037 874 3115 tardilrs
896 3040 1019 3114 elevari
1043 3041 1142 3135 quam
1164 3040 1307 3137 deprimi
1326 3055 1511 3134 oportere,
1533 3046 1632 3138 quim
1703 3114 1709 3125 ,

243 3145 288 3220 'ex
303 3139 409 3218 alletia
430 3139 593 3217 haetenus
605 3133 838 3231 consequitur:
859 3137 950 3210 unde
973 3131 1104 3210 Fluxus.
1122 3161 1192 3214 non
1215 3139 1260 3214 ad
1282 3135 1430 3216 maurus
1457 3136 1560 3214 Lunae
1572 3161 1633 3235 per

243 3237 460 3407 meridiauu'pn
489 3232 716 3329 contingent,
739 3229 1280 3331 temquanrosentsevenienr,
1301 3235 1440 3312 omnmo
1460 3235 1514 3312 uti·
1528 3259 1632 3333 ertpe-

241 3337 359 3416 rierrtia
382 3353 416 3413 te
444 3350 528 3410 atur,
1001 3363 1005 3370 ·

245 3474 256 3486 ·
292 3434 325 3524 ς.
343 3453 403 3533 90.
456 3428 544 3506 Haec
566 3439 675 3504 autem
694 3426 875 3504 retardatio
894 3425 1033 3525 praecisi
1046 3427 1094 3502 ad
1111 3426 1276 3506 miculurr
1299 3426 1455 3506 reuocari?
1473 3453 1543 3506 nun
1564 3455 1633 3527 po·

244 3529 337 3612 teli,
363 3527 443 3630 qnia
463 3528 482 3600 a
502 3543 595 3600 notu
612 3548 709 3622 aquae
736 3525 865 3622 ejusque
884 3522 1110 3620 profunditate
1131 3525 1304 3624 plurimum
1338 3525 1509 3620 pendeat,
1533 3549 1631 3622 prout

245 3629 345 3703 etiam
368 3626 520 3703 videmus
536 3623 572 3698 in
594 3622 730 3699 diuerfir
742 3623 824 3698 locis
849 3645 921 3698 eam
936 3624 1153 3700 vehementer
1164 3623 1225 3699 elle
1240 3625 1427 3703 diuerlam,
1447 3641 1545 3724 atque
1558 3628 1630 3704 aliie

242 3724 326 3801 locis
339 3721 485 3800 Flurmm
497 3722 698 3816 contingere
712 3722 786 3818 poll
800 3719 904 3798 Lunae
931 3720 1200 3797 culminationem
1225 3723 1329 3797 tribus
1363 3722 1459 3798 horit
1480 3725 1632 3800 nondum

243 3820 393 3934 elapsis,
415 3819 486 3894 alliu
510 3817 600 3896 verb
617 3817 701 3892 locis
723 3819 796 3915 plus
810 3823 907 3916 quarn
933 3818 1112 3894 duodecim
1133 3817 1224 3895 horis
1243 3816 1367 3895 tardilrs
1392 3819 1533 3905 uenire,
1554 3821 1630 3918 eluar

246 3919 382 4017 qurdem
404 3913 541 4009 infignis
559 3913 738 3988 retardatio
751 3933 910 3990 terrarum
924 3914 1077 4009 positioni
1098 3915 1147 3990 est
1160 3915 1374 3993 adscribenda
1387 3917 1554 4006 timerium
1576 3936 1630 3994 ta-

247 4039 328 4091 men
348 4012 426 4104 hinc
451 4009 648 4086 {efficienter
677 4013 806 4089 ounllat
827 4028 954 4088 norum
990 4011 1100 4090 Meris
1137 4015 1319 4092 admodum
1345 4017 1435 4113 polle
1468 4016 1636 4112 impeditu-
1695 4061 1699 4070 ·

240 4111 442 4189 Proeodem
466 4105 550 4184 verb
572 4107 650 4182 loco
673 4109 747 4186 satis
767 4111 949 4208 luculenter
962 4111 1178 4207 perspicitur,
1201 4113 1273 4210 qud
1293 4119 1398 4208 major
1412 4129 1512 4214 atque
1531 4115 1628 4190 altior

245 4207 373 4285 Fluxus
391 4203 529 4283 evenire
551 4205 699 4289 deberit,
727 4205 771 4282 eb
789 4205 913 4282 tardilrs
931 4207 1073 4282 eundern
1096 4212 1250 4288 accidere
1275 4229 1440 4308 oportere.
1490 4213 1638 4309 Quddsiz

245 4305 335 4378 enim
354 4303 452 4380 aestue
473 4301 652 4396 contingat
674 4302 953 4401 infinitbparuus,
981 4304 1119 4382 dubium
1137 4308 1188 4381 est
1208 4309 1358 4386 nullum,
1386 4311 1516 4406 quinis
1539 4311 1626 4388 stato

244 4415 397 4495 tempore
422 4399 610 4508 pdueuiut,
630 4397 711 4476 citet
724 4401 966 4498 impedimentis
980 4403 1046 4477 hoc
1059 4405 1134 4480 casu
1146 4427 1189 4478 ne
1205 4405 1300 4478 locus
1310 4403 1445 4502 quidem
1457 4413 1629 4486 conceda·

242 4514 295 4578 tur
307 4495 461 4596 agendi:
482 4500 571 4574 uude
591 4496 738 4596 dioride.
755 4497 1060 4671 requituraellpred
1074 4499 1197 4580 tardilu
1209 4503 1366 4584 advenire
1389 4506 1535 4588 debere,
1552 4508 1633 4682 Ἓξ

226 4657 263 4676 ‚s
313 4657 319 4668 .
732 4612 741 4624 ·
1017 4617 1041 4672 x
1078 4618 1106 4695 3
