4406 5718
586 408 636 461 vr
833 450 841 472 ,
1003 319 1617 464 trt‘r‘ttonucrlo

255 611 260 634 Ι
418 544 452 622 c
464 563 531 624 rr.
576 529 680 608 totius
693 527 911 610 Ailrooomiae
924 530 1175 610 undamentum
1194 531 1272 612 eil,
1297 531 1427 608 initium
1441 532 1609 607 ducemus.
1663 527 1786 606 Circuii
1800 534 1963 632 quadrant

468 642 496 722 1,
578 625 683 705 SAR
708 630 800 722 cuius
827 628 946 707 limbus
973 629 1082 706 ΑΕΒ
1097 630 1130 706 in
1149 629 1273 726 gradus
1287 632 1322 706 dt
1336 629 1460 728 minuta
1480 625 1598 704 divisus
1617 625 1679 712 eil,
1696 628 1742 702 itd
1755 627 1902 706 ilatuirur
1924 645 1962 708 ut

577 723 668 800 iilum
687 725 708 804 S
725 725 800 802 CD
828 728 977 825 pondere
994 725 1028 802 D
1044 729 1170 804 tensum
1195 724 1339 823 idedque
1362 725 1543 803 verriculo,
1567 719 1705 798 lidrburn
1724 724 1962 822 ifflustangau

578 820 702 898 deindd
727 823 771 897 ita
797 824 943 900 vertitur·
958 839 995 900 ut
1016 823 1104 900 lidus
1127 822 1266 916 Lcujus
1292 822 1432 897 altitudo
1456 819 1661 898 observanda
1683 821 1752 910 est,
1775 848 1833 918 per
1859 824 1962 922 diop-

577 931 644 994 tras
679 935 735 995 aut
768 945 827 1017 per
864 920 1075 1015 telescopiurn
1096 917 1190 998 lateri
1221 917 1242 994 S
1266 919 1293 990 B
1329 917 1463 996 affixum
1488 917 1637 996 videatur
1658 915 1692 992 in
1715 921 1836 994 eodem
1857 921 1959 998 latere

577 1011 641 1088 SB
678 1017 852 1112 producto.
902 1017 982 1111 Quo
1002 1011 1121 1100 satio,
1145 1016 1284 1090 habetur
1304 1039 1398 1092 arcus
1422 1013 1516 1104 AC,
1539 1013 1688 1091 mensura
1706 1013 1883 1094 altitudinis
1901 1042 1960 1114 ap·

580 1113 726 1208 parentis
755 1112 784 1188 L
807 1115 829 1192 S
856 1119 906 1208 h·,
942 1138 1018 1188 narn
1051 1113 1127 1192 cirin
1151 1112 1242 1188 filum
1266 1113 1284 1186 ὲ
1321 1109 1512 1210 quadrantis
1540 1127 1658 1188 tenuo
1683 1111 1705 1191 S
1736 1115 1900 1208 pendens'
1922 1116 1962 1191 stt

567 1210 705 1306 'temper
729 1210 764 1284 in
790 1211 890 1307 plano
917 1211 1093 1297 verticuli,
1121 1210 1284 1312 quadrans
1313 1207 1377 1288 AS
1393 1205 1420 1282 B
1438 1209 1500 1284 erit
1513 1207 1611 1282 etiarn
1635 1206 1668 1280 in
1696 1211 1815 1284 endern
1837 1213 1959 1306 plano.

575 1303 705 1396 (Eud.
723 1312 781 1388 18.
807 1307 873 1390 XI.
898 1313 916 1404 )
945 1305 1089 1409 idedque
1112 1311 1138 1388 h
1157 1331 1174 1382 r
1194 1305 1239 1382 ad
1262 1299 1331 1386 SD
1358 1303 1668 1408 perpendicularis,
1690 1304 1756 1384 erit
1773 1305 1960 1400 iruersedlio
2058 1367 2063 1379 .

557 3608 753 3690 'horizontis
770 3606 923 3688 sarcitis
945 3613 983 3690 dt
1004 3605 1097 3708 plani
1113 3605 1278 3687 verticalis
1301 3629 1360 3704 per
1380 3603 1409 3684 L
1431 3605 1544 3687 duni,
1564 3603 1667 3777 'argui
1683 3601 1823 3702 angulos
1848 3591 1949 3670 LSh

569 3808 766 3884 subducatur
790 3806 970 3882 communis
984 3801 1107 3888 hSA‚
1130 3819 1302 3878 remanent
1323 3804 1465 3902 aequales
1491 3799 1607 3899 anguli
1629 3701 1731 3879 [lili
1752 3701 1792 3875 ἓ
1810 3677 1871 3870 ll}
1886 3693 1926 3862 ἓ
1935 3735 1950 3874 l

568 3906 662 4000 hujus
682 3903 764 3982 verd
787 3901 933 3978 mensura
953 3901 1000 3976 est
1024 3923 1117 3976 arcos
1140 3895 1224 3974 AC.

506 4049 512 4056 ·
621 4024 674 4074 12.
701 3997 791 4075 Hinc
814 3997 953 4075 describi
977 3997 1086 4106 potest
1108 3997 1197 4072 linea
1222 3995 1401 4074 meridiana
1424 3998 1517 4110 sopri
1588 4017 1642 4073 ant
1659 3991 1685 4068 fi
1700 3987 1850 4105 stantitor
1862 4006 1978 4154 pers

568 4097 824 4194 pendicnlariter
837 4098 1001 4193 quadrans
1021 4093 1158 4177 orani,
1181 4093 1349 4172 observari
1366 4111 1487 4192 potent
1509 4093 1554 4170 alt
1567 4089 1842 4166 todornerrdrarra
1877 4081 1947 4154 rde-

568 4194 622 4271 ris.
648 4193 735 4270 Nam
764 4192 960 4302 meridianus
976 4189 1149 4288 portiones
1174 4190 1245 4266 illas
1265 4191 1462 4269 circulorum
1493 4187 1657 4302 tequotori
1680 4177 1947 4294 parallelorunr»

592 4316 643 4365 uae
668 4293 762 4388 supra
788 4289 995 4364 horizontem
1016 4287 1163 4362 erninent
1189 4288 1224 4361 dt
1251 4287 1421 4387 quiarcus
1444 4286 1760 4366 diuturniorum,
1796 4275 1945 4353 bifanarn

566 4317 656 4462 licat
688 4389 789 4482 (per
812 4385 862 4462 El.
894 4383 960 4461 XL
992 4407 1047 4485 19.
1069 4387 1106 4462 dt
1138 4407 1209 4481 4.,
1245 4390 1283 4465 δι
1307 4383 1358 4460 El.
1396 4383 1460 4462 111.
1485 4387 1587 4496 30.)
1623 4377 1699 4459 cium
1719 4377 1760 4454 fit
1791 4375 1854 4450 illis
1880 4371 1946 4447 cir·

450 4503 452 4506 ·
566 4483 649 4560 culis
675 4485 711 4562 dt
735 4483 902 4558 horizonti
927 4507 985 4560 eos
1010 4503 1105 4558 arcus
1126 4481 1314 4560 terminanti
1335 4479 1639 4582 perpendicularis,
1663 4481 1700 4556 δι
1723 4489 1899 4572 propterea
1922 4463 1947 4544 st

445 4667 448 4672 ,
566 4577 602 4656 ῑῦ
629 4579 756 4660 circul0
782 4581 933 4680 quolibet
957 4580 1077 4668 diurno
1100 4575 1263 4702 lunantur
1283 4579 1408 4678 pinna
1430 4583 1498 4662 duo
1525 4577 1602 4658 hinc
1615 4575 1704 4654 tude
1724 4570 1949 4743 orientergccdic

570 3709 682 3787 fideris
709 3705 738 3784 L
762 3709 902 3782 altitudo
920 3729 1094 3806 apparens.
1130 3705 1197 3785 Sed
1218 3705 1303 3782 ssah
1322 3703 1452 3803 angulis
1475 3701 1573 3780 retiis
