4406 5718
501 413 507 424 ’
600 407 702 528 34·
854 363 1329 494 Parsosorrr'tra
1387 370 1793 490 Nasu-arms

406 542 454 604 uz
472 542 562 640 stun-
595 545 668 636 (t)
713 561 780 646 per
804 531 884 638 jam
909 559 997 620 ante
1026 534 1172 620 ostensa
1189 559 1338 619 certum
1357 531 1408 628 eli
1432 530 1541 640 quod
1562 530 1801 650 temporibus
1830 521 1987 642 aquali:
2034 606 2039 611 .

405 625 561 766 fflf‘*
594 648 664 733 bus
690 647 906 736 describent
935 651 1096 761 aequalia
1117 647 1234 764 spatia
1249 676 1342 735 cum
1358 644 1480 750 luni3
1506 645 1678 757 ideoque
1705 641 1813 758 quod
1830 647 1914 735 sunt
1931 653 1982 737 ad

593 761 849 872 quantitatem
878 767 1050 853 materia
1080 765 1121 850 in
1137 762 1245 861 lunai,
1263 787 1305 848 ut
1333 761 1504 877 pondera
1526 764 1589 848 sua
1604 761 1653 846 ad
1684 763 1798 879 ipsius
1817 764 1985 880 pondus.

594 875 717 966 Porro
734 880 924 998 quoniam
935 882 1112 968 satellites
1135 879 1238 986 jovis
1264 879 1503 994 temporibus
1520 879 1775 966 revolvuntur
1792 909 1880 990 quae
1897 881 1984 969 sunt
2053 971 2057 982 ,

505 1005 509 1016 “
594 995 636 1080 in
648 994 795 1084 ratione
813 996 1074 1118 sesquiplicati
1085 995 1349 1084 distantiarum
1366 991 1389 1076 i
1409 1009 1544 1082 centro
1558 992 1680 1102 jovis,
1710 1006 1772 1102 (ὓ)
1792 993 1904 1082 eritnt
1919 1025 1986 1086 eo·

594 1142 682 1196 rum
720 1112 925 1220 gravitates
956 1113 1242 1200 acceleratrices
1270 1111 1310 1194 in
1348 1107 1487 1218 jovem
1506 1107 1706 1227 reciproci
1729 1135 1771 1196 ut
1798 1112 1984 1222 quadrata

592 1226 855 1318 distantiarum
893 1227 1068 1318 icentro
1085 1228 1209 1338 jovis3
1244 1235 1285 1311 dt
1314 1251 1516 1344 propterea
1543 1227 1584 1312 in
1608 1225 1819 1336 equalibus
1840 1225 1864 1312 i
1886 1227 1981 1338 jove

580 1341 776 1448 ⁸distantiis
804 1403 816 1446 ‚
855 1377 994 1435 eorum
1017 1349 1222 1454 gravitates
1255 1343 1541 1440 acceleratrices
1559 1341 1773 1428 evaderent
1789 1344 1980 1456 ¹aequales.

519 1553 524 1562 .
590 1460 761 1546 Proinde
775 1460 1014 1578 temporibus
1030 1462 1240 1571 aequalibus
1256 1461 1303 1547 ab
1321 1460 1530 1572 aequalibus
1547 1456 1810 1551 altitudinibus
1837 1461 1982 1566 caden-

454 1597 458 1606 '
575 1575 671 1676 do,
697 1576 956 1666 describerent
970 1575 1132 1689 aqualia
1148 1577 1295 1696 spatia;
1320 1575 1481 1694 perinde
1494 1573 1589 1662 utfit
1603 1573 1980 1682 ingravibusinbic

447 1699 451 1707 '
578 1692 688 1798 fterrai
706 1692 841 1780 nostri.
877 1693 930 1780 Et
949 1707 1017 1796 (¹)
1045 1695 1190 1783 eodem
1214 1719 1441 1798 argumento
1469 1691 1631 1808 planeta
1655 1691 1944 1804 circumsolares
1960 1755 1981 1796 ‚,

558 1841 560 1850 ·
587 1809 639 1894 ab
665 1807 874 1918 aequalibus
899 1807 1011 1898 isole
1028 1809 1213 1896 distantiis
1229 1809 1404 1916 demissi,
1428 1807 1618 1896 descensu
1642 1807 1710 1894 suo
1728 1807 1769 1892 in
1786 1805 1908 1906 solem
1920 1829 1980 1903 ἐι

583 1924 765 2034 qualibus
790 1925 1032 2042 temporibus
1058 1926 1220 2036 aqualia
1241 1924 1359 2040 spatia
1387 1922 1656 2010 describerent.
1676 1928 1750 2028 (t)
1778 1923 1893 2010 Vites
1917 1959 1981 2016 au-

590 2061 702 2140 tem,
728 2041 868 2151 quibus
895 2071 1055 2157 corpora
1072 2041 1276 2153 inequalia
1297 2039 1491 2152 aequaliter
1516 2039 1802 2138 accelerantur,
1825 2043 1912 2140 sunt
1937 2065 1980 2134 ut

539 2217 548 2222 -
590 2185 753 2271 corpora
780 2187 794 2260 3
831 2159 1004 2252 buces,
1035 2155 1209 2272 pondera
1226 2182 1268 2243 ut
1294 2155 1523 2266 quantitates
1550 2155 1722 2244 materiae
1745 2155 1786 2240 in
1804 2154 1982 2272 planetis.

589 2271 709 2356 Porro
734 2269 836 2379 jovis
860 2281 902 2357 dt
926 2270 1007 2382 ejus
1027 2271 1229 2386 satellitum
1255 2271 1427 2390 pondera
1449 2270 1489 2355 in
1507 2271 1654 2388 solem?
1678 2267 1978 2388 proportionalia

587 2388 665 2484 esse
681 2387 954 2500 quantitatibus
970 2388 1141 2474 materiae
1155 2419 1305 2486 eorum,
1323 2411 1427 2504 patet
1445 2419 1495 2474 ex
1511 2411 1622 2484 motu
1640 2385 1843 2473 satellitum
1856 2419 1978 2499 quam

586 2501 760 2588 maxims
784 2504 974 2614 regulari3
1001 2535 1065 2624 per
1095 2508 1195 2592 ciros.
1227 2535 1262 2611 3.
1278 2535 1374 2624 prop.
1400 2535 1489 2592 axv.
1516 2505 1581 2588 lib.
1614 2537 1650 2589 ι.
1708 2505 1820 2588 Nam
1850 2506 1975 2592 stho-

584 2649 672 2706 rum
692 2619 814 2730 aliqui
828 2621 951 2729 magis
973 2619 1210 2704 traherentur
1237 2618 1279 2704 in
1305 2618 1455 2718 solem,
1482 2648 1551 2734 pto
1575 2618 1787 2729 quantitate
1803 2621 1976 2710 materia

475 2799 482 2811 .
581 2736 682 2835 suae,
704 2731 825 2849 quim
851 2733 1003 2823 caeteri:
1033 2759 1164 2820 motus
1209 2733 1412 2820 satellitum
1437 2749 1453 2839 (
1475 2765 1536 2851 per
1567 2737 1665 2822 coros.
1696 2769 1733 2820 2.
1757 2765 1855 2864 prop.
1884 2768 1975 2826 axv.

583 2852 648 2936 lib.
682 2868 746 2955 1.)
776 2881 827 2937 ex
844 2849 1103 2962 inequalitate
1129 2851 1361 2938 attrasiionis
1381 2851 1698 2966 perturbarentur.
1729 2851 1794 2950 81,
1818 2851 1973 2968 paribus

584 2961 607 3048 i
633 2965 713 3054 sole
726 2967 933 3067 distantiis,
963 2965 1108 3052 satelles
1128 2963 1266 3077 aliquis
1293 2967 1446 3075 gravior
1464 2965 1559 3054 esset
1574 2965 1616 3050 in
1632 2966 1753 3053 solem
1766 2995 1837 3082 pto
1854 2997 1976 3080 quan·

580 3082 689 3168 titate
706 3084 875 3169 materia
893 3085 991 3180 suae,
1020 3079 1140 3190 quim
1159 3078 1298 3197 jupiter
1313 3113 1383 3198 pro
1402 3081 1613 3191 quantitate
1633 3085 1803 3186 materiae
1829 3087 1914 3183 suae,
1929 3085 1972 3170 in

576 3197 726 3283 tatione
745 3195 977 3308 quicunque
993 3196 1099 3297 dati,
1117 3219 1206 3311 puta
1223 3201 1249 3284 d
1267 3198 1366 3284 ade:
1389 3197 1563 3284 distantia
1576 3199 1677 3284 inter
1691 3223 1869 3286 centrum
1881 3199 1971 3288 solis

581 3318 824 3424 &centrum
850 3315 953 3401 orbis
973 3313 1167 3411 satellitis,
1197 3313 1322 3422 major
1348 3319 1496 3430 semper
1525 3315 1624 3400 soret
1646 3313 1764 3423 quim
1793 3313 1971 3406 distantia

579 3426 679 3518 inter
716 3456 893 3518 centrum
923 3429 1084 3518 solis&
1119 3454 1298 3516 centrum
1329 3428 1431 3542 jovis
1461 3429 1678 3518 iuratione
1707 3427 1970 3573 subdupbcati

1375 3594 1379 3603 f
1846 3578 1969 3662 quarn

620 3823 673 3905 (ι)
693 3823 726 3872 *Γ
743 3833 791 3890 Per
802 3835 862 3903 jam
880 3825 943 3892 eard
962 3823 1058 3906 oflensa
1077 3829 1092 3900 (
1112 3845 1193 3905 prop.
1209 3842 1241 3905 4.
1298 3843 1426 3906 tempore
1465 3827 1579 3908 planeta
1621 3826 1740 3902 quilibet
1765 3828 1969 3893 circumsolaris

496 3899 503 3918 '
577 3901 627 3964 lib.
643 3907 719 3984 huius
734 3909 756 3978 ).
1299 3909 1377 3970 omni
1398 3924 1476 3970 motu
1503 3905 1683 3970 revolutionis
1710 3909 1831 3987 privatus
1861 3911 1917 3973 solt
1937 3909 1966 3972 vi

618 3987 680 4064 (ιι)
700 3989 722 4024 *
739 3995 824 4049 Erum
842 4009 931 4050 eorum
943 3991 1092 4068 meviam
1113 3992 1241 4052 acciera-
1298 3989 1450 4068 centriperi
1471 3989 1650 4050 descenderet
1667 3991 1700 4051 &
1720 3992 1756 4050 ad
1773 3992 1862 4052 solem
1880 3991 1966 4068 usque

538 4115 558 4176 2
575 4073 663 4227 'lsi
684 4067 1093 4228 sfs‘uisssssl·
1111 4149 1229 4212 carra
1297 4069 1525 4229 suffitias?
1540 4070 1691 4218 3¹:2¹3?
1710 4073 1816 4214 rubus
1839 4069 1967 4218 slas}

572 4246 614 4288 tes
644 4227 849 4290 acceleratiiees
879 4232 1052 4308 planetarum
1080 4229 1110 4290 in
1143 4231 1242 4292 Solem
1297 4229 1401 4292 scilieet
1417 4229 1550 4310 temporis
1572 4231 1707 4310 periodici
1723 4253 1779 4309 quo
1798 4235 1910 4312 planeta
1929 4235 1967 4296 ad

573 4313 634 4370 suut
649 4309 790 4388 reciproce
810 4328 839 4370 ut
860 4308 1002 4386 xquadrata
1018 4309 1209 4374 distantiarum
1224 4317 1243 4375 ὲ
1298 4311 1456 4372 distantiam
1475 4313 1561 4391 dapib
1579 4312 1721 4374 minorem
1738 4315 1847 4380 revolvi
1857 4316 1964 4394 posset,

573 4408 671 4452 centro
692 4390 764 4451 Solis
780 4397 795 4467 (
812 4412 862 4451 cor.
886 4413 913 4450 2.
927 4409 999 4478 prop.
1022 4408 1048 4461 5.
1067 4394 1081 4464 )
1102 4393 1135 4455 &
1156 4413 1242 4472 prop«
1298 4393 1353 4454 five
1372 4411 1499 4472 tempore
1517 4391 1591 4470 quod
1604 4393 1643 4454 esi
1660 4397 1696 4454 ad
1713 4413 1822 4473 ternpus
1841 4394 1966 4476 periodi·

571 4475 649 4532 terea
678 4470 707 4530 in
729 4471 876 4546 equalibus
904 4475 922 4533 a
950 4473 1018 4535 Sole
1042 4472 1175 4536 distantiis
1192 4494 1241 4536 eo-
1298 4495 1362 4538 rum
1382 4474 1497 4550 planete
1510 4493 1542 4534 ιιι
1556 4491 1568 4531 ι
1582 4472 1618 4534 ad
1630 4494 1648 4540 4
1661 4479 1695 4546 ps
1710 4499 1749 4546 2,
1770 4475 1849 4537 idern
1865 4478 1964 4557 plane·

572 4548 641 4614 tum'
677 4551 825 4634 gravitates
855 4553 1064 4614 acceleratrices
1090 4554 1242 4616 evaderent
1297 4573 1327 4619 ta
1342 4555 1468 4616 cadendo
1487 4555 1575 4619 solem
1594 4555 1752 4638 attingeret.

570 4633 711 4710 aequales,
743 4631 915 4710 proinde‘que
936 4633 1109 4713 temporibus
1128 4635 1241 4713 aquati·
1337 4640 1406 4714 (y)
1425 4635 1446 4684 *¹
1470 4643 1540 4699 Vires
1559 4656 1644 4698 autem
1664 4640 1762 4720 quibus
1777 4657 1880 4726 corpora
1897 4643 1963 4704 itte«

572 4717 622 4776 bus
642 4715 677 4776 ab
689 4713 836 4790 equalibus
848 4712 1037 4778 altitudinibus
1045 4715 1171 4778 cadendo
1179 4715 1241 4775 des·
1296 4721 1401 4800 qualia.
1427 4717 1520 4795 (Des.
1531 4718 1669 4798 7·&n0t·
1680 4743 1692 4782 ι
1702 4721 1787 4794 5.lib.
1801 4738 1827 4782 ι.
1839 4725 1883 4799 ).”
1937 4725 1939 4730 ’

571 4797 711 4860 exiberent
737 4794 825 4876 ibatis
842 4794 967 4874 aqualia.
1008 4797 1122 4879 Quanto
1147 4815 1242 4874 autera
1798 4797 1807 4823 l
