4470 5716
598 367 676 492 72
841 323 1309 462 Pnrtosorurrn
1351 328 1759 456 Nnnunrrrs

439 499 488 561 1³¹
500 497 590 558 ntun-
603 488 682 587 do,
714 485 868 598 quoties
884 486 933 574 ad
956 489 1059 578 orbis
1077 489 1133 576 sui
1155 514 1305 620 partem
1337 491 1569 580 orientalem
1591 491 1767 592 accedit,
1795 487 1970 600 aegerrirn

421 583 575 738 ξζςῐζω
608 605 785 701 videtur,
815 601 1103 718 &plerumque
1123 606 1251 694 vrderi
1264 607 1404 694 cessata
1435 605 1478 693 id
1494 607 1602 720 quod
1617 608 1776 697 evenire
1795 611 1915 725 potest
1926 635 1996 724 per

610 719 781 808 maculas
798 717 984 829 quasdam
1008 721 1051 806 in
1081 721 1126 806 ed
1145 722 1317 922 corporis
1333 746 1437 837 parte
1461 753 1550 836 quae
1575 749 1682 812 terrae
1706 749 1801 812 tunc
1825 723 1998 810 obverti-
2103 720 2105 728 ’

611 863 699 932 tur,
727 858 770 920 nt
794 839 948 948 Cafflnur
974 838 1137 924 notavit.
1239 837 1339 922 imili
1371 837 1489 924 eriam
1521 863 1632 928 motu
1661 840 1806 926 satelles
1829 838 1998 925 extimus

613 951 766 1064 jovialis
782 949 884 1038 circa
901 981 1018 1037 axem
1036 955 1146 1038 suum
1156 953 1312 1042 revolvi
1327 952 1491 1052 videtur,
1519 979 1720 1072 propterea
1735 953 1844 1066 quod
1856 953 1897 1037 in
1913 985 1998 1069 par·

592 1093 654 1178 ¹te
676 1065 849 1182 corporis
863 1065 888 1156 J
890 1067 960 1153 ovi
975 1067 1107 1153 averes
1120 1069 1316 1156 maculam
1340 1068 1478 1154 habeat
1493 1099 1580 1178 quae
1596 1095 1781 1182 tanquam
1797 1071 1838 1156 in
1861 1099 1998 1185 corpo-

614 1215 656 1271 re
673 1180 980 1383 Jovisnscernitur
995 1183 1235 1298 ubicumque
1253 1183 1400 1274 satelles
1415 1187 1514 1272 Inter
1527 1183 1677 1276 Iovem
1701 1193 1745 1271 δι
1769 1183 1908 1274 oculos
1926 1217 2000 1275 no·

616 1305 708 1388 stros
724 1325 778 1386 tra
820 1323 862 1386 rt.

587 1517 593 1526 ·
682 1493 1113 1584 PROPOSITIO
1154 1497 1324 1587 XVIII.
1361 1495 1766 1596 THEQREMA
1805 1495 1930 1585 XVI.

589 1679 592 1686 ’
616 1693 717 1778 Axes
731 1695 958 1814 planetarum
981 1699 1258 1816 diametrisque
1276 1693 1474 1924 melitem
1496 1730 1581 1786 axes
1606 1697 1809 1785 normaliter
1827 1697 2003 1795 ducuntur

1189 1847 1336 1902 maneres
1358 1845 1376 1896 e
1399 1845 1429 1900 e.
1733 1849 1740 1858 ’

680 2005 744 2106 (³)
772 2003 939 2092 Planeta
952 2005 1098 2094 sublato
1113 2009 1224 2097 omni
1239 2035 1349 2098 motu
1362 2004 1537 2094 circulari
1556 2005 1695 2095 diurno
1708 2003 2002 2120 figuramsphae·

594 2147 598 2154 ’
618 2115 765 2218 ticam,
794 2121 847 2206 ob
875 2123 1069 2230 aequalem
1085 2125 1259 2235 undique
1275 2125 1438 2241 partium
1458 2123 1712 2229 gravitatem,
1735 2119 1912 2208 assessore
1935 2118 2002 2205 de·

620 2231 765 2322 berenr.
799 2235 871 2339 (I)
905 2236 977 2321 Per
1003 2264 1157 2326 motum
1186 2239 1296 2326 illum
1320 2239 1545 2325 circularem
1563 2237 1608 2327 fit
1644 2266 1685 2327 ut
1706 2265 1829 2354 partes
1853 2235 1901 2322 ab
1931 2263 2002 2318 axe

618 2349 843 2434 recedentes
867 2348 973 2458 juxta
995 2379 1235 2464 aequarorem
1259 2353 1463 2443 ascendere
1488 2379 1688 2441 conentur.
1719 2353 1899 2462 Ideoque
1923 2379 2003 2434 ma·

595 2461 713 2566 steria
742 2466 769 2549 fi
788 2464 907 2550 fluida
928 2469 983 2564 stt,
999 2469 1152 2555 ascensu
1170 2471 1237 2558 suo
1257 2470 1307 2556 ad
1329 2495 1566 2578 aequatorem
1591 2471 1802 2555 diametros
1837 2465 2002 2572 adauge·

620 2575 697 2674 bit,
726 2610 841 2664 axem
859 2577 956 2666 verb
970 2581 1151 2669 descensu
1169 2587 1237 2672 suo
1250 2585 1300 2670 ad
1330 2586 1441 2701 polos
1463 2583 1666 2672 diminuet.
1709 2585 1777 2670 Sic
1793 2581 1907 2674 lovis
1923 2579 2003 2666 dia-

598 2707 777 2811 meter(
796 2696 1120 2784 consentientibus
1144 2705 1452 2788 astronomorum
1476 2698 1831 2802 observationibus)
1846 2697 2003 2784 brevior

621 2807 918 2926 deprehenditur
935 2811 1033 2901 inter
1054 2811 1167 2932 polos
1186 2814 1305 2928 quim
1319 2817 1367 2903 ab
1384 2814 1531 2902 oriente
1550 2813 1592 2900 in
1616 2815 1880 2906 occidentem.
1905 2809 2004 3012 dEo·

599 2963 602 2970 ’
1933 2954 2000 3012 em

543 3339 551 3356 ·
620 3266 678 3329 bile
703 3268 741 3331 est
765 3270 884 3334 eandem
916 3275 992 3349 hu’rru
1026 3276 1151 3341 satellitis
1182 3278 1286 3343 faciem
1342 3279 1517 3362 planetarum
1535 3273 1653 3340 materia
1673 3295 1792 3358 ponatur
1810 3274 1923 3344 fluida,
1952 3271 2007 3336 uis·

503 3376 506 3384 ·
622 3351 739 3430 planetae
759 3351 895 3430 primario
915 3355 1023 3434 semper
1043 3360 1163 3422 obverti·
1203 3363 1287 3423 Idem
1343 3381 1395 3438 que
1414 3360 1555 3446 gravitatis
1574 3357 1610 3420 ad
1632 3377 1719 3420 unum
1743 3375 1870 3420 centrum
1898 3352 2004 3436 dirige

621 3451 730 3522 quoque
748 3431 829 3494 sunili
850 3455 1016 3528 argumento
1036 3460 1110 3518 patet
1129 3439 1159 3501 in
1179 3442 1287 3512 extimo
1343 3459 1395 3503 tur.

604 3515 690 3590 'jovrs
705 3513 843 3586 satellite,
864 3517 913 3578 rusi
932 3515 1038 3580 dicatur
1057 3521 1118 3581 illas
1137 3521 1285 3584 satellitum
1381 3528 1396 3599 (
1419 3525 1437 3584 lt
1458 3525 1473 3598 )
1492 3521 1518 3571 *’
1541 3530 1591 3584 Per
1614 3539 1712 3592 motum
1738 3523 1817 3582 Illum
1843 3523 2004 3584 ‘mulam

619 3597 741 3654 maculas
750 3595 899 3677 saliginum
919 3595 1002 3659 instar
1013 3601 1203 3674 modonasci,
1219 3625 1286 3668 mo·
1327 3601 1482 3674 'Quoniam
1502 3607 1618 3683 planeta
1637 3601 1712 3662 circa
1722 3621 1804 3661 axem
1819 3601 1896 3662 suunt
1912 3600 2006 3663 revol-

603 3673 658 3732 ’ἀὸ
669 3674 807 3754 diffipati3
825 3677 873 3737 sed
890 3679 937 3739 ubi
957 3681 1123 3760 apparentia
1141 3682 1240 3761 aliquae
1248 3705 1284 3744 ex
1341 3702 1441 3747 uuntur
1451 3724 1462 3757 ,
1490 3685 1662 3763 planetarum
1684 3699 1774 3760 parter
1793 3676 1809 3742 i
1826 3681 1928 3744 centris
1949 3679 2004 3742 cir-

606 3753 728 3832 'duplici
745 3757 824 3818 cauta
848 3777 941 3821 ortum
958 3762 1063 3823 habere
1087 3761 1191 3844 possunt
1198 3800 1210 3833 ,
1233 3785 1284 3827 an·
1342 3765 1469 3829 culorum
1495 3765 1525 3824 ln
1550 3764 1649 3843 quibus
1679 3779 1844 3834 moventur,
1871 3761 2004 3824 ¹²00&st

620 3837 1286 3996 :rrarrrsnulrretnr*nr
1341 3861 1489 3990 erus
1503 3841 2007 4002 ‘Ilslt‘sl

620 3997 817 4071 queSarellires
827 4002 935 4070 ,Lurrae
943 4000 1174 4074 inslar,PIanetis
1184 4005 1288 4085 prima·
1342 3945 1501 4070 odediunt
1526 3949 1691 4088 peiiplreriae
1719 4004 1732 4085 (
1756 4026 1806 4068 tor·
1838 4025 1862 4078 3·
1884 4024 1958 4092 Μ·
1975 4017 2006 4082 4·’

620 4076 671 4138 riis
689 4077 855 4140 insatiatam
875 4082 1209 4146 manifestaresaciemen
1221 4107 1288 4148 ana·
1345 4089 1392 4150 sib.
1415 4107 1442 4148 r.
1458 4091 1493 4171 ).,
1513 4087 1568 4150 Sed
1584 4103 1705 4164 aquator
1723 4085 1762 4146 est
1777 4085 1893 4148 circulus
1911 4084 2003 4146 maxi·

619 4155 705 4240 logie
721 4158 786 4242 Iege
812 4161 947 4242 colligunt
977 4163 1068 4225 mdlti.
1109 4167 1183 4227 Rem
1204 4167 1286 4230 aliter
1345 4187 1426 4238 mus,
1447 4169 1544 4232 circuli
1567 4187 1659 4229 autem
1679 4166 1773 4228 versns
1785 4167 1862 4246 polos
1873 4165 2007 4231 'contium

619 4236 650 4298 se
670 4240 775 4301 habere
798 4241 890 4301 censer
907 4243 1015 4306 Clariss.
1044 4249 1144 4308 Daniel
1162 4253 1287 4310 Bernoul·
1344 4249 1524 4320 decrescunts
1551 4249 1635 4328 qum?
1651 4247 1823 4326 planetarum
1838 4267 1928 4328 Ρπως
1946 4261 2009 4308 ⁰²²⁴

503 4369 512 4378 .
608 4319 673 4380 trus
705 4319 735 4382 in
762 4320 999 4398 Disquifirionibus
1023 4325 1288 4407 Plynos-nstrum-
1345 4327 1412 4412 gisd
1429 4349 1526 4392 centro
1543 4329 1687 4406 aequarons
1707 4335 1791 4405 quarn
1809 4329 1939 4390 acenrrlt
1958 4349 2008 4410 pa·

610 4414 701 4489 ’micas
715 4421 758 4462 an.
775 4421 858 4477 ¹734·
874 4403 909 4464 ab
928 4406 1289 4492 AcademilRegliScien-
1345 4411 1510 4474 ralallorurn
1528 4411 1661 4473 recedere
1677 4429 1829 4480 conantur,
1849 4409 1970 4486 ideoque
1985 4407 2008 4468 fi

609 4493 725 4539 ‘tratum
738 4484 853 4559 premio
863 4486 1063 4552 condecoratis.
1090 4493 1147 4553 llas
1162 4491 1285 4557 consulat
1343 4492 1427 4554 fluida
1448 4491 1481 4554 sit
1499 4493 1671 4572 planetarum
1690 4490 1819 4560 materia,
1839 4491 1949 4552 assensu
1960 4491 2009 4554 suo

611 4559 737 4652 ‘Leslon
1343 4573 1379 4632 ad
1389 4589 1558 4651 aquatorern
1574 4570 1724 4632 diametros
1735 4571 1906 4654 adaugebit,
1925 4590 2009 4632 axem

612 4663 615 4668 ¹
661 4639 762 4721 (1)*
788 4645 898 4709 rtanoae
912 4645 1019 4725 sublato
1037 4656 1110 4714 omni
1135 4673 1208 4717 nrum
1233 4657 1285 4716 eir·
1344 4657 1413 4720 tero
1426 4653 1560 4743 'descensu
1578 4653 1627 4720 suo
1637 4652 1672 4714 ad
1682 4653 1761 4735 pulos
1772 4651 1921 4718 diminuet·

619 4723 717 4798 cesath
733 4725 813 4802 Patet
832 4732 906 4812 (ptr
917 4751 968 4806 nor}
991 4733 1166 4816 172215332.
1187 4729 1213 4810 ).
1250 4733 1286 4798 si
