4444 5718
427 423 434 438 .
557 353 641 467 z334
786 331 1750 436 hortun-rutarum,recreatu

416 489 530 572 Cre.
566 486 657 568 ticoh
678 483 889 572 declinetur,
1000 487 1049 570 ria
1072 488 1109 569 vi
1130 493 1302 588 pravitnia
1329 495 1363 572 le
1387 493 1423 570 in
1445 494 1591 574 eundem
1613 493 1759 592 recipit,
1786 491 1832 572 ita
1863 493 1966 574 etiarn

448 589 514 672 Vl
567 609 678 688 aqtra,
701 585 727 662 li
752 611 797 664 er
819 585 881 666 litu
917 613 963 666 uo
984 587 1159 690 aequihbrii
1182 591 1401 692 depellatur,
1435 592 1670 684 viaravitatis
1691 593 1724 668 su
1747 592 1791 672 ad
1817 593 1967 673 eundem

263 791 271 812 =
430 693 438 704 '
567 683 1144 864 charantanum:
1226 691 1406 866 hullt
1430 685 1967 880 „hlttts

316 839 362 956 ὓ
567 877 702 960 Deinde
724 883 822 958 etiarn
838 879 934 958 fimili
950 883 1079 962 moto,
1105 811 1174 983 qua
1188 885 1393 982 pendulum,
1423 883 1523 960 Mare
1546 883 1615 985 quo
1636 884 1744 982 magis
1759 909 1803 964 ex
1826 815 1962 964 litprroluo

565 977 704 1058 naturali
727 975 826 1056 luerit
849 981 1086 1063 deturbatum,
1107 981 1151 1058 eb
1172 984 1329 1072 maiorem
1352 982 1490 1062 habebit
1512 982 1581 1058 vim
1601 982 1666 1058 lese
1687 984 1722 1060 io
1742 983 1836 1060 fitum
1856 983 1962 1081 aeqoi·

322 1143 325 1150 ,
460 1145 515 1196 x
567 1075 656 1154 librii
677 1077 877 1154 restituendi.
925 1077 1041 1220 Quhd'
1063 1079 1088 1155 li
1108 1078 1212 1176 igitur
1231 1081 1330 1158 Mare
1355 1083 1376 1156 a
1397 1079 1522 1160 viribus
1539 1080 1712 1196 externip,
1729 1079 1813 1158 Solia
1837 1081 1963 1160 scilicet

569 1197 609 1252 ac
633 1177 759 1270 Lunae,
788 1177 1029 1256 moxelevetu,
1054 1203 1133 1252 mox
1155 1179 1381 1278 deprimatur,
1405 1175 1532 1254 necelle
1557 1179 1605 1254 est
1623 1193 1660 1252 ut
1673 1177 1751 1256 rude
1775 1197 1884 1256 motus
1910 1181 1963 1256 os·

567 1271 749 1352 cillatoriue
772 1270 825 1348 hu
840 1275 1029 1370 reciprocus
1051 1275 1177 1351 oriatur
1197 1276 1289 1353 aessui
1312 1273 1422 1356 Maria
1440 1273 1579 1351 omnino
1608 1273 1743 1358 fimilis,
1769 1275 1826 1376 qui
1849 1295 1959 1354 autem

567 1395 626 1468 per
647 1370 744 1468 leges
771 1369 881 1450 motflr
904 1369 1081 1450 difficulter
1110 1371 1241 1448 deliniri
1261 1391 1361 1474 queat
1382 1369 1720 1468 accratequdem
1769 1397 1845 1449 nam
1877 1398 1960 1450 vero

566 1467 744 1564 proximi,
770 1469 838 1546 boc
861 1494 932 1547 uon
953 1469 1038 1544 adeo
1061 1470 1122 1546 erit
1140 1471 1291 1548 difficile.
1325 1471 1413 1549 Duae
1436 1487 1547 1546 autem
1562 1469 1634 1545 lunt
1652 1495 1730 1556 rer,
1762 1489 1839 1566 qaae
1862 1471 1960 1548 abso·

565 1565 668 1642 lutam
706 1591 746 1646 ac
774 1563 956 1664 perlectam
988 1565 1088 1646 totius
1111 1567 1222 1648 motds
1252 1568 1562 1648 determinationem
1587 1567 1793 1664 summopere
1814 1567 1959 1646 reddunt

558 1663 732 1740 'difficilem
750 1703 764 1742 2
787 1689 926 1763 quarum
951 1661 1055 1740 altera
1076 1667 1249 1768 physicam
1273 1667 1420 1768 spectat,
1438 1683 1537 1762 atque
1550 1665 1586 1740 in
1603 1665 1676 1762 ipsa
1699 1664 1878 1742 fluidorum
1899 1689 1960 1742 na·

566 1765 640 1836 tura
660 1759 826 1845 canunt,
849 1785 989 1860 quorum
1012 1783 1122 1842 motus
1149 1765 1327 1860 difficulter
1350 1767 1396 1843 ad
1425 1763 1589 1843 calculum
1615 1780 1817 1848 revocatur,
1843 1763 1960 1860 praeci·

565 1859 630 1952 pue
654 1855 836 1958 srquaestio
851 1861 889 1937 lit
910 1861 953 1936 de
975 1863 1170 1956 amplissimo
1193 1862 1356 1950 Oceano,
1383 1863 1439 1976 qui
1457 1859 1528 1936 aliic
1552 1861 1587 1934 in
1604 1859 1686 1938 locis
1697 1862 1867 1941 elevetur,
1890 1860 1963 1938 aliis
2067 1875 2072 1882 '

567 1953 651 2032 ve‘rd
675 1955 885 2054 deprimatur.
929 1957 1041 2034 Altera
1066 1979 1176 2036 autem
1201 1961 1375 2040 difficultas
1396 1985 1430 2035 ιη
1446 1959 1518 2052 ipsa
1533 1958 1657 2056 analysr
1682 1957 1732 2034 est
1753 1957 1885 2056 pofita,
1915 1957 1959 2036 cd

565 2051 658 2148 qubd
674 2053 734 2130 ille
757 2069 866 2130 motur
888 2055 995 2131 Maris
1017 2059 1209 2155 reciprocus
1233 2061 1360 2158 prorsus
1382 2059 1421 2134 lit
1445 2053 1593 2134 diversus
1614 2057 1657 2130 ab
1681 2057 1835 2134 omnibus
1854 2055 1955 2132 oscil-

565 2147 775 2227 brionibust
795 2153 1044 2231 Mathematicir
1067 2159 1177 2234 adhuc
1190 2156 1429 2234 confideretis:
1454 2153 1542 2232 vires
1569 2153 1657 2228 enirn
1682 2150 1788 2230 Lunae
1801 2177 1852 2232 ac
1872 2153 1958 2231 Solis

565 2241 669 2324 Mare
691 2249 901 2330 sollicitantes
923 2275 1032 2349 neque
1054 2255 1147 2330 hiatu
1162 2252 1657 2354 corporisolcillantir„neque
1678 2255 1722 2326 ab
1746 2256 1815 2347 ejus
1840 2253 1958 2329 celeri-

563 2359 634 2420 tate
662 2351 836 2444 pendent,
869 2349 917 2426 uti
929 2349 965 2424 id
977 2349 1136 2426 usuvenit
1148 2352 1181 2428 in
1193 2353 1345 2429 omnibus
1359 2349 1600 2427 oscillationem
1616 2347 1743 2426 cafibus
1755 2351 1854 2425 etiam
1869 2374 1958 2428 nunc

565 2445 747 2539 expolitis.
770 2447 828 2523 led
842 2467 891 2522 eae
906 2447 1097 2526 vireshsrtu
1119 2449 1327 2528 luminarium
1340 2447 1487 2546 respectu
1506 2443 1653 2528 Terrae,
1675 2447 1821 2545 ideoque
1835 2447 1855 2520 ὲ
1869 2464 1959 2524 tem·

565 2563 648 2635 pore
670 2545 957 2629 determinantur,
978 2545 1161 2637 cuiusmodi
1182 2547 1403 2625 oscillatioucs
1418 2567 1519 2622 nemo
1542 2543 1675 2628 adhuc,
1702 2563 1861 2642 quantum
1882 2545 1958 2645 qui·

565 2639 642 2716 dem
661 2643 809 2728 constat,
835 2643 963 2720 calculo
978 2644 1127 2740 subjecit,
1418 2705 1424 2714 .

614 2737 648 2831 §.
671 2760 729 2832 75.
756 2740 860 2838 Quod
887 2743 1019 2842 quidem
1043 2743 1089 2820 ad
1108 2735 1252 2839 §riorem
1275 2737 1501 2820 difficultatem
1526 2733 1711 2850 phylcam·
1724 2737 1864 2825 attinet,
1903 2765 1958 2820 rer

564 2833 631 2910 hoc
652 2837 784 2938 quidem
800 2857 949 2937 ternpore
970 2839 1040 2918 feri
1065 2841 1236 2938 desperata
1256 2841 1631 2938 videru13quamquam
1658 2858 1746 2910 enrm
1772 2839 1815 2918 ab
1839 2837 1954 2938 aliquo

565 2947 716 3032 ternpore
734 2937 863 3014 theoria
889 2937 998 3014 morus
1019 2961 1176 3035 aquarum
1200 2937 1351 3036 ingentia
1363 2936 1403 3012 stt
1427 2937 1567 3014 allecuta
1586 2933 1818 3019 incrementa,
1840 2952 1955 3012 tamen

565 3051 607 3106 ea
625 3034 826 3130 potiffimum
849 3052 976 3111 motum
998 3058 1156 3133 aquarum
1183 3035 1218 3111 in
1237 3035 1318 3114 vaste
1332 3038 1368 3116 dt
1381 3036 1468 3114 tubis
1488 3031 1956 3143 fluentiumrelpiciunmne·

565 3150 633 3224 que
648 3131 705 3208 vix
730 3132 833 3208 ullum
860 3135 1077 3229 commodum
1101 3133 1179 3211 inde
1202 3136 1248 3212 ad
1267 3151 1392 3210 motum
1408 3131 1540 3212 Oceani
1565 3129 1790 3208 deflorandum
1811 3131 1956 3208 derivari

565 3229 686 3322 potest.
728 3228 957 3325 Quamobrem
984 3229 1020 3308 in
1035 3233 1102 3309 hoc
1121 3233 1260 3330 negotio
1275 3233 1365 3308 uliud
1384 3231 1561 3346 quicquam
1583 3229 1737 3328 praestare
1755 3252 1825 3303 nun
1850 3228 1954 3318 licet,

565 3320 627 3399 nili
648 3344 684 3402 ut
696 3327 933 3427 hypothesibus
954 3327 1177 3427 effingendis,
1198 3331 1312 3429 quaed
1335 3347 1477 3406 veritate
1494 3331 1593 3426 quim
1612 3325 1746 3402 minim'e
1767 3325 1953 3412 abludent.

564 3435 637 3500 tota
660 3424 799 3524 quaellio
819 3427 862 3500 ad
881 3426 1161 3503 confidentiores
1174 3428 1254 3522 pure
1265 3426 1485 3524 geometricas
1506 3425 1629 3504 &anal
1651 3425 1732 3502 tioas
1744 3440 1953 3503 revocetur:

564 3517 703 3618 alteram
727 3538 836 3600 autern
859 3521 1088 3602 difflorltatem
1111 3525 1399 3612 mathematicam,
1425 3523 1550 3601 etiamfi
1575 3525 1611 3601 di
1670 3522 1775 3600 illimis
1804 3523 1951 3616 integra·

564 3613 709 3696 tionibus
736 3621 776 3696 srt
804 3619 980 3703 involuta,
1014 3631 1126 3698 tamen
1159 3619 1299 3700 feliciter
1322 3619 1476 3739 {inperare
1504 3619 1713 3700 confidimus.
1764 3617 1951 3698 Confidero

564 3711 689 3790 scilicet
709 3716 913 3816 superficiem
939 3741 1036 3820 aquae
1062 3721 1154 3802 RS,
1175 3745 1250 3818 quae
1277 3723 1343 3800 boc
1364 3745 1398 3796 rn
1413 3719 1475 3798 srtu
1495 3717 1712 3818 aequilibrium
1739 3732 1854 3794 teneat
1875 3741 1953 3796 cum

564 3806 692 3908 reliqua
710 3839 822 3911 aqua,
846 3816 1133 3895 remotirviribus
1160 3820 1307 3898 externis
1335 3845 1348 3909 3
1385 3815 1536 3898 bisvarb
1557 3812 1795 3896 accedentibus
1817 3815 1952 3894 alremis

410 3989 414 3996 ,
563 3904 695 3988 vicibus
716 3914 882 3992 attollatur
906 3913 940 3990 in
965 3923 1032 3999 A,
1057 3915 1324 4016 deprimaturqoe
1349 3916 1384 3990 in
1408 3918 1448 3989 B.
1499 3913 1605 4010 Qubd
1629 3917 1654 3990 fi
1680 3913 1780 4010 igitur
1806 3937 1891 4014 aqua
1914 3913 1950 3986 in

563 4007 618 4078 M
637 4008 738 4109 usque
758 4009 798 4086 fit
820 4011 990 4109 depressa,
1025 4029 1126 4113 atque
1149 4029 1298 4092 externae
1316 4013 1404 4093 vires
1426 4011 1512 4088 Solis
1534 4037 1574 4088 ac
1597 4013 1703 4088 Lunae
1729 4011 1833 4087 lubitb
1853 4007 1949 4084 cella·

561 4109 663 4193 rent,
698 4123 768 4184 turn
794 4109 829 4187 vi
855 4108 1027 4206 gravitatis
1049 4109 1193 4208 propriae
1215 4127 1391 4190 conaretur
1418 4110 1483 4188 sele
1512 4109 1645 4188 elevare
1669 4109 1771 4208 usque
1797 4110 1829 4180 in
1851 4104 1945 4215 htum

562 4203 632 4280 its
653 4205 1011 4310 naturalem-illeque
1033 4225 1170 4286 conatus
1185 4208 1228 4285 eb
1244 4209 1305 4286 erit
1329 4208 1458 4304 major,
1480 4205 1549 4306 qud
1575 4211 1679 4302 majus
1691 4205 1787 4280 fuerit
1809 4204 1945 4298 [patrum

563 4301 596 4378 C
604 4307 650 4374 M
703 4331 748 4383 uo
772 4307 792 4381 ὲ
812 4305 872 4383 stru
896 4304 1035 4385 naturali
1052 4303 1162 4380 distat.
1215 4307 1245 4382 Α
1269 4306 1408 4385 veritate
1428 4305 1630 4404 iraque'non
1655 4305 1792 4377 multum
1811 4297 1949 4406 recedes

562 4417 661 4479 mos,
680 4333 814 4484 thhanc
835 4405 902 4482 vim
927 4405 985 4503 ipsr
999 4400 1102 4500 spatio
1120 4406 1169 4476 M
1180 4409 1208 4478 C
1225 4429 1388 4502 ponamus
1409 4401 1708 4515 proportionalem:
1728 4398 1948 4494 quamobrem

561 4503 672 4598 polito
693 4501 798 4598 spatio
822 4505 871 4576 M
881 4505 909 4578 G
922 4527 1008 4577 τε.
1029 4499 1095 4580 erit
1116 4501 1189 4580 vis,
1217 4528 1293 4602 quae
1314 4525 1410 4602 aquae
1431 4499 1633 4598 superficiem
1656 4522 1690 4572 rn
1706 4499 1755 4570 M
1774 4495 1873 4594 ulque
1888 4494 1948 4569 de·

562 4647 701 4740 predam
721 4644 900 4728 attollet:
917 4627 977 4800 ἑ,
1001 4671 1077 4748 quat
1088 4647 1344 4754 bppotbefirad
1363 4645 1593 4734 veritatemeb
1617 4640 1754 4748 proptio
1779 4637 1910 4721 accerbt
1936 4679 1949 4718 t

942 4793 945 4798 ’
1861 4781 1956 4884 qutu
