4444 5718
375 307 654 386 Funxta
701 313 779 386 “ac
827 307 1213 388 Rnnauxua
1265 311 1511 393 Marta.
1589 333 1657 417 293

262 457 499 554 perturbetur,
521 453 689 552 producit.
741 453 793 529 Ita
820 453 872 532 vis
892 454 1001 540 Solis,
1030 459 1090 537 etsi
1110 456 1158 532 esi
1185 457 1356 545 maxima,
1379 476 1492 538 tamen
1516 465 1561 540 ob
1590 461 1662 538 inu·
1699 479 1818 558 cn,

259 577 368 648 gnern
391 551 576 628 distantiam
592 568 702 648 partes
715 551 835 628 Terrae
846 551 917 630 sere
938 553 1108 648 aequaliter
1128 554 1255 638 afficit,
1280 563 1397 634 contra
1424 558 1508 636 verd
1533 559 1582 636 vis
1596 559 1663 636 Lu·
1724 577 1741 655 1
1754 579 1780 655 t

135 689 153 722 ·
261 673 317 724 nae
331 653 376 726 ob
398 647 678 747 propinquitatem
701 649 883 726 admoddm
900 650 1132 748 inaequalitert
1165 655 1255 728 unde
1275 651 1407 730 lLuna
1429 655 1534 732 multo
1557 662 1664 753 maior

260 746 401 841 agitatio
426 745 557 823 Oceani
582 745 739 829 resultat,
758 749 888 844 quaml
904 747 1007 826 Sole,
1048 747 1358 847 quarantenis,
1385 749 1519 851 qu'aead
1546 753 1661 830 Solent

130 889 142 904 ·
259 844 392 924 tendit,
410 842 582 938 insrgniter
608 845 711 938 major
737 843 776 918 sit
789 845 893 920 altera
913 844 1041 920 Lunam
1061 843 1263 941 respiciente.
1317 848 1431 947 Atque
1459 853 1526 926 hoc
1552 853 1654 946 patto

259 940 397 1016 dubium
421 943 498 1015 anti
533 941 665 1016 allatura
700 938 846 1018 sunditias
869 941 995 1018 tollitur
1020 985 1032 1026 ‚
1065 938 1196 1041 hocque
1228 943 1339 1022 adhuc
1370 947 1499 1040 planius
1521 947 1654 1032 fient

258 1037 424 1136 utriusque
442 1037 491 1112 vis
511 1036 649 1114 effeetus
677 1043 720 1112 ad
740 1038 902 1115 calculum
922 1040 1164 1116 revocabimus.

313 1133 346 1223 §.
372 1138 426 1208 18.
466 1134 520 1208 Ad
546 1134 800 1226 inaequalitatem
836 1136 938 1230 igitur
956 1132 1074 1210 virium
1097 1138 1217 1246 quibus
1240 1137 1377 1236 fingulae
1391 1137 1524 1220 'Terrae
1545 1158 1658 1255 partes

109 1307 119 1330 ⁸
259 1230 314 1302 vel
340 1233 359 1302 a
387 1231 462 1304 Sole
498 1233 553 1306 vel
585 1235 604 1304 a
630 1227 725 1307 Luna
748 1231 983 1310 sollicitantur,
1010 1232 1267 1318 detinendam,
1307 1249 1384 1311 aute
1408 1241 1521 1314 omnia
1545 1264 1611 1318 vnn
1640 1281 1654 1317 2

259 1327 328 1420 qud
355 1329 502 1403 universa
525 1328 660 1404 Terra,
689 1329 770 1402 stin
794 1331 851 1407 suo
872 1346 990 1405 centro
1018 1331 1192 1424 gravitatis
1216 1331 1299 1407 esset
1318 1349 1552 1420 condemnata.
1583 1337 1653 1412 affi-

258 1441 413 1506 ceretur,
437 1426 650 1500 determinari
674 1443 831 1521 oportet,
856 1428 995 1524 haecque
1011 1427 1062 1501 est
1087 1453 1126 1503 ea
1146 1430 1214 1525 ipsa
1224 1429 1299 1513 vis,
1327 1454 1404 1528 quae
1427 1429 1546 1508 Terrae
1576 1458 1655 1509 nto·
1730 1437 1733 1442 ’

257 1533 329 1596 tutu
355 1521 595 1620 progressuum
618 1521 653 1597 in
681 1523 735 1598 sua
758 1526 868 1603 orbita
888 1522 1018 1619 respicit
1045 1527 1083 1603 dt
1102 1529 1232 1624 turbat3
1262 1527 1384 1602 denne
1411 1527 1654 1622 dispiciendum

258 1617 333 1704 eil,
359 1619 519 1719 quantiam
540 1619 654 1702 vires,
679 1620 797 1718 quibus
817 1621 958 1718 singulae
978 1619 1099 1698 Terrae
1116 1640 1228 1722 partes
1241 1638 1425 1720 urgentur,
1451 1628 1518 1698 tarn
1542 1627 1651 1702 ratio·

259 1735 303 1788 ne
327 1715 518 1815 quantitatis
553 1718 653 1812 quam
683 1719 874 1794 direnionis
899 1719 941 1793 ab
964 1716 1021 1792 itta
1040 1719 1076 1796 vi
1102 1721 1197 1800 totali
1231 1721 1428 1816 discrepent.
1495 1720 1599 1816 Qudd
1625 1723 1651 1801 si

256 1811 346 1888 enim
369 1815 459 1890 nulla
477 1814 744 1911 deprehendatur
766 1813 980 1892 differentia,
1004 1833 1114 1909 partes
1128 1841 1262 1916 quoque
1291 1816 1429 1912 fingulae
1443 1817 1538 1892 lituro
1561 1821 1651 1896 suum

257 1909 430 1990 relativum
448 1911 534 1987 inter
558 1909 589 1986 se
617 1913 845 2008 retinebunt
890 1910 924 1986 at
947 1908 1017 2008 qud
1045 1917 1149 2010 maior
1175 1917 1238 1989 erit
1264 1911 1452 1991 differentia
1479 1914 1565 1992 inter
1599 1915 1650 1992 vi·

256 2029 308 2084 rea
333 2009 404 2086 illas
424 2008 568 2106 singulae
595 2025 703 2102 partes
734 2009 979 2092 sollicitantes,
1016 2007 1061 2084 ed
1089 2010 1196 2107 tnagis
1214 2035 1265 2084 eae
1290 2008 1376 2085 inter
1394 2011 1426 2086 se
1454 2034 1651 2100 commove-

258 2106 407 2192 buntur,
432 2108 527 2184 situm
555 2103 730 2182 relativum
751 2107 995 2203 permutabunt.
1051 2109 1095 2181 In
1122 2109 1186 2184 hac
1213 2121 1325 2184 autern
1353 2105 1650 2204 investigatione,

253 2199 347 2277 simul
365 2205 537 2300 gravitatis
560 2203 717 2278 naturalis
741 2248 753 2286 ‚
803 2203 870 2302 qud
897 2203 1012 2294 omnia
1042 2227 1185 2300 corpora
1214 2202 1328 2281 versus
1352 2220 1504 2280 centrum
1527 2205 1659 2284 Terrae.

254 2295 424 2384 tendunt,
449 2302 533 2375 ratio
560 2299 610 2372 est
635 2301 823 2396 habenda3
846 2303 919 2375 haec
949 2299 1037 2370 enirn
1057 2301 1109 2376 vis
1135 2303 1170 2374 in
1197 2300 1294 2376 causa
1322 2301 1390 2381 est,
1424 2301 1517 2398 quod
1540 2329 1648 2400 quan·

255 2395 377 2472 tumvis
405 2395 493 2474 vires
524 2394 610 2473 Solis
636 2397 672 2472 δι
694 2392 800 2470 Luoae
824 2399 859 2471 in
882 2394 1018 2472 diversas
1047 2395 1169 2473 Terrae
1192 2396 1386 2492 regionibus
1409 2397 1471 2472 sint
1498 2397 1651 2496 inaqua-

255 2493 324 2574 les‚
351 2491 529 2591 aequilibrii
555 2511 667 2566 tamen
693 2491 792 2568 slatus
813 2495 932 2576 detur,
958 2489 993 2564 in
1026 2517 1094 2590 quo
1115 2508 1225 2590 partes
1249 2496 1384 2571 tandem
1407 2494 1546 2592 singulae
1568 2519 1650 2572 con·

255 2590 461 2689 quiescant,
497 2611 608 2688 neque
634 2588 798 2685 perpetud
824 2593 909 2666 inter
939 2589 971 2662 se
996 2591 1118 2686 agitati
1140 2605 1294 2688 pergant.
1358 2591 1468 2688 Atque
1498 2593 1583 2667 hanc
1604 2597 1658 2696 ob*

255 2711 325 2762 rem
352 2688 489 2783 srngulae
511 2687 632 2760 Terrae
650 2699 760 2780 partes
787 2689 806 2759 l
834 2687 939 2762 tribus
965 2687 1088 2764 viribus
1115 2689 1297 2764 sollicitatae
1318 2688 1518 2764 considerari
1544 2691 1651 2766 debe-

255 2785 375 2864 bunt,
410 2781 518 2881 ptimd
558 2781 681 2857 scilicet
706 2787 725 2855 ὲ
749 2785 884 2882 propria
913 2783 1079 2880 gravitate
1118 2833 1131 2872 ‚
1169 2783 1236 2883 qui
1265 2784 1391 2860 dircite
1419 2783 1577 2859 deorsum
1598 2787 1658 2860 ni.·

256 2897 372 2956 tuntur
398 2905 412 2972 3
448 2882 517 2958 tltm
536 2876 659 2956 verda
685 2879 746 2960 vi,
773 2883 839 2978 qua
858 2883 902 2957 ad
921 2881 1032 2958 Solem
1052 2899 1243 2980 urgentur,
1278 2905 1318 2962 ac
1341 2879 1441 2956 tertio
1469 2884 1488 2955 a
1509 2884 1543 2960 vi
1573 2908 1651 2962 ver·

256 2975 310 3052 uls
334 2977 461 3055 Lunam
485 2977 651 3064 directa;
688 2973 805 3074 haeque
833 2995 899 3053 tres
919 2977 1032 3061 vites,
1069 2979 1252 3075 cujusmodi
1272 2975 1498 3054 Phaenomena
1527 2981 1650 3080 quovis

254 3089 407 3173 tempore
435 3073 637 3174 inpartibus
662 3071 780 3152 Terrae
804 3073 915 3166 fluidis
940 3073 1108 3173 gignant,
1134 3076 1195 3154 erit
1218 3074 1496 3173 irruesliganduru
