4470 5716
420 324 453 330 ”
486 303 832 445 Parucrrti
884 329 1424 476 Mar-narrantur.
1554 368 1658 484 123

264 473 361 613 pion.
396 513 461 574 Lx
477 519 505 574 v
520 517 544 572 1.
575 491 638 580 tib,
667 519 690 575 1.
712 512 754 574 ut
783 503 830 590 (8
850 499 864 589 )
884 496 925 571 ὃ(
948 520 1058 598 aquae
1088 489 1306 573 maximam
1336 467 1599 586 altitudinem,
1625 485 1665 574 in
1699 495 1742 578 Β]
1759 493 1832 554 ⁸2²¹*

265 602 443 696 maribus
453 602 670 719 ,profundis
696 610 738 686 &
762 603 911 704 libens,
940 604 1146 724 appulsum
1156 605 1407 691 luminarium
1419 603 1470 688 'ad
1486 603 1669 715 meridia-t
1679 577 1799 718 {2⁸3¹
1801 593 1827 638 ⁵·

267 743 371 812 trum
391 717 472 806 loci
489 719 633 806 minori
649 717 769 829 quim
795 725 860 807 sex
891 721 1073 806 horarum
1100 721 1221 836 spatio
1246 723 1352 832 sequi
1367 781 1377 820 ,
1394 720 1450 806 uti
1465 721 1564 806 lirin
1584 753 1667 805 ma·
1681 740 1802 800 xxiv.

270 841 324 927 tis
355 839 538 922 Atlantici
568 843 611 920 be
648 841 840 956 AEtlrr'opici
872 843 992 922 tracia
1036 854 1120 924 toro
1158 837 1335 922 orientali
1370 841 1469 922 inter
1500 840 1668 923 Gallium
1680 820 1833 965 {saxeum

272 964 316 1042 bt
339 952 653 1070 promontorium
682 957 790 1040 Bonae
815 959 897 1072 Spei
921 978 963 1037 ur
985 959 1027 1036 &
1052 951 1093 1035 in
1113 952 1233 1037 ‘maris
1258 956 1406 1061 Pacifici
1426 951 1554 1040 littore
1586 959 1669 1040 Ciri-

270 1071 354 1173 lenti
387 1077 429 1154 bt
458 1072 686 1157 Peruvr'dno:
715 1067 758 1153 in
798 1070 937 1182 quibus
969 1069 1153 1155 omnibus
1185 1068 1373 1155 littoribus
1396 1073 1504 1155 allus
1532 1071 1572 1152 in
1593 1068 1667 1153 lto-

268 1215 355 1274 ram
386 1184 541 1272 circiter
561 1184 795 1283 secundam,
816 1185 969 1270 tertiam
991 1182 1058 1270 vel
1084 1210 1280 1292 quartam,
1324 1184 1574 1282 incidir,nis1
1601 1183 1668 1268 ubi
1733 1215 1735 1223 ⁴
1775 1274 1780 1280 ,

275 1325 407 1389 morus
430 1301 478 1388 ab
506 1306 675 1414 Oceano
697 1299 899 1415 profundo
926 1329 993 1413 per
1019 1299 1107 1384 loca
1131 1300 1523 1417 vadosapropagarus
1540 1303 1671 1410 'usque

269 1419 322 1504 tt'd
341 1419 493 1514 ltoram,
510 1418 708 1526 quintam,
730 1417 888 1516 sextam,
903 1414 1108 1531 septimam
1123 1441 1186 1530 aut
1210 1415 1306 1501 ultra
1323 1416 1542 1503 retardatur.
1584 1419 1700 1502 Hos

270 1566 329 1620 tat
361 1563 527 1619 numero
549 1532 598 1617 ab
613 1529 766 1648 appulsu
781 1531 988 1618 ‘luminaris
1012 1531 1205 1640 utriusque
1217 1531 1266 1615 ad
1289 1530 1551 1618 meridianum
1567 1532 1672 1631 loci,

270 1674 354 1736 tatu
377 1648 474 1734 infra
490 1649 740 1734 horizontem
765 1647 884 1757 quim
902 1651 1038 1762 supra,
1063 1653 1107 1728 &⁴
1131 1660 1198 1760 per
1218 1647 1330 1734 lroras
1348 1647 1427 1731 diei
1444 1647 1584 1734 lunaris
1607 1647 1672 1730 in·

272 1765 407 1873 telligo
435 1765 648 1870 vigesimae,
662 1791 813 1872 quartas
830 1788 955 1880 partes
975 1761 1163 1877 temporis
1190 1795 1271 1872 quo
1297 1766 1412 1850 Luna
1428 1789 1537 1848 motu
1559 1795 1673 1880 appa·
1742 1813 1746 1816 ·

276 1905 386 1966 rente
403 1878 542 1965 diurno
554 1881 602 1966 ad
620 1879 882 1964 meridianum
899 1879 978 1964 loci
993 1879 1216 1970 revertitur:
1249 1879 1324 1964 Vis
1342 1879 1442 1962 Solis
1459 1878 1526 1963 vel
1545 1881 1672 1966 Lunae

274 1995 326 2082 ad
348 2025 455 2081 mare
483 1994 718 2080 elevandum
742 1997 916 2082 maxima
946 1993 1068 2100 estin
1099 1993 1182 2110 ipso
1213 1994 1367 2113 appulsu
1395 1995 1594 2080 luminaris
1623 1993 1673 2079 ud

273 2112 536 2212 meridianum
559 2112 651 2198 loci.
688 2113 769 2197 Sed
794 2112 854 2197 uis
876 2142 925 2199 eo
951 2137 1130 2226 tempore
1151 2113 1190 2194 in
1213 2144 1320 2196 mare
1341 2109 1517 2224 impressa
1539 2136 1672 2198 maner
1784 2135 1786 2140 ·

270 2227 513 2340 aliquamdiu
540 2229 778 2343 &pervim
807 2257 956 2314 novam
980 2227 1140 2312 subinde
1161 2229 1383 2343 impressam
1396 2255 1579 2334 augetur,
1605 2229 1675 2313 do·

273 2375 352 2430 nec
380 2373 487 2428 mare
516 2343 565 2428 ad
600 2343 843 2428 altitudinem
873 2345 1093 2428 maximam
1122 2342 1369 2440 ascenderit,
1401 2343 1440 2425 id
1475 2346 1581 2442 quod
1608 2344 1675 2428 fiet

275 2461 397 2574 spatio
417 2462 521 2548 horae
540 2460 652 2546 unius
670 2459 897 2580 duarumve,
916 2460 984 2542 sed
998 2459 1131 2574 sapius
1153 2459 1200 2543 ad
1216 2459 1342 2544 littora
1357 2460 1475 2574 spatio
1492 2459 1675 2546 botarum

265 2575 393 2678 ,trium
410 2575 588 2675 circiter,
616 2574 680 2661 vel
702 2575 821 2663 etiam
838 2573 1007 2690 plurium
1029 2577 1057 2657 fi
1084 2603 1191 2658 mare
1222 2578 1267 2660 stt
1293 2576 1498 2664 vadosum.

336 2691 409 2796 (¹¹)
436 2691 575 2778 Motus
598 2717 729 2776 autem
753 2688 869 2791 bini,
903 2689 1238 2801 quosluminaria
1266 2690 1560 2786 duo'excirant,
1590 2717 1673 2772 non

1156 2815 1173 2850 ‘⁴
1291 2830 1302 2896 ,·
1387 2821 1410 2911 j
1488 2833 1673 2924 ‚cernem

277 3081 432 3150 velociores
453 3099 549 3153 erunt3
578 3089 607 3144 in
628 3085 800 3162 quadraturis
819 3087 872 3151 lire
891 3088 944 3149 ho-
1003 3083 1148 3169 magisque
1165 3089 1295 3160 attollet,
1315 3087 1399 3168 uque
1419 3089 1488 3150 dum
1504 3083 1605 3146 eadem
1624 3084 1666 3148 vis
1805 3145 1813 3164 ,

276 3170 308 3227 rl
320 3167 395 3228 lenti
413 3165 547 3227 maturina
556 3204 566 3235 ,
588 3169 619 3227 81
641 3169 795 3250 vespertini
811 3171 947 3232 tardiores
1003 3168 1093 3230 motui
1113 3171 1215 3232 diurno
1226 3173 1364 3233 contraria
1382 3171 1460 3232 fluidi
1476 3169 1584 3230 cursum
1604 3187 1673 3246 pau-
1798 3169 1801 3176 '

277 3253 361 3330 quem
388 3245 545 3326 superficies
570 3246 650 3328 globi
668 3253 836 3330 contigan
862 3261 970 3326 quare·
1004 3248 1084 3309 latim
1103 3252 1171 3313 sallat
1190 3255 1221 3314 81
1241 3269 1419 3328 aquascogar
1439 3253 1566 3312 refluere.
1604 3252 1672 3312 Haec

256 3329 343 3388 'fluet
363 3329 393 3389 iu
414 3331 496 3390 alveo
515 3329 666 3404 reducique
684 3331 826 3410 pervices
849 3351 948 3409 perpe·
1004 3336 1098 3392 mortis
1119 3333 1272 3398 retardatio
1296 3332 1420 3392 maxime
1446 3331 1521 3392 cirea
1546 3329 1670 3390 clientes

278 3408 327 3468 tub
351 3417 364 3485 (
384 3431 428 3495 per
444 3433 496 3472 ror.
529 3428 572 3475 ¹9·
596 3407 631 3471 (7
652 3429 697 3471 zo.
720 3410 733 3492 )
755 3411 834 3470 idem
854 3411 948 3492 polica
1004 3409 1061 3474 fite
1080 3417 1179 3474 horam
1195 3415 1308 3474 tertiam
1329 3411 1515 3480 notabilireli.
1537 3409 1671 3472 Alienon

276 3488 379 3552 iterum
399 3485 651 3560 demonstrabitur,
672 3493 798 3569 viresque
818 3493 892 3556 sotir
914 3495 946 3556 ὅ(
1005 3491 1242 3573 deluutexernpla
1259 3493 1448 3554 maximorum
1463 3491 1611 3551 effectuum
1623 3490 1671 3565 qui

277 3572 365 3652 Lunae
384 3571 494 3636 seorsim
516 3575 755 3650 computabuntur.
1005 3575 1064 3650 poll
1086 3577 1178 3634 caulae
1201 3577 1338 3634 maximas
1354 3573 1525 3654 contingunt.
1556 3573 1625 3633 Non
1640 3571 1672 3634 irt
1735 3589 1737 3596 ’

306 3654 444 3734 'sg)'*
487 3657 571 3733 Aque
599 3659 745 3716 maximam
772 3657 946 3716 altitudinem.
1005 3653 1064 3730 ipfis
1084 3653 1446 3716 lollliriisaellivismaxime
1464 3657 1552 3716 servet
1573 3654 1670 3732 aliar,

278 3729 355 3792 Rern
371 3732 410 3793 ita
428 3733 454 3792 se
474 3736 581 3793 habere
594 3752 668 3811 paret
686 3755 722 3794 ex
737 3736 948 3797 obrervarisaes-
1005 3733 1069 3801 licut
1086 3733 1223 3812 'neque-in
1243 3737 1303 3814 ipis
1325 3735 1441 3799 r'olstiriir
1455 3735 1594 3814 Hybemia
1612 3755 1673 3795 nra·

277 3811 509 3896 tibut'rnarinir,
531 3815 603 3875 ratio
621 3835 715 3875 autem
741 3817 862 3876 hacell.
893 3816 947 3876 vis
1004 3815 1081 3877 xime
1103 3818 1189 3897 friget
1215 3819 1323 3888 hiems5
1350 3818 1397 3876 led
1422 3820 1533 3898 integro
1560 3815 1672 3877 circiter
1784 3887 1786 3890 ¹

278 3884 351 3955 Solis
369 3898 415 3955 vel
434 3895 519 3954 Luna
534 3893 568 3953 ad
582 3915 660 3955 mare
674 3898 842 3958 elevandum
857 3895 948 3954 maxi·
1004 3895 1100 3954 mense
1121 3899 1179 3974 poll
1197 3899 1308 3958 sellliria
1331 3898 1467 3958 maximus
1485 3896 1673 3975 deprehendi·

145 4011 153 4020 ·
279 3993 327 4034 ma
345 3975 385 4035 est
405 3975 434 4034 in
457 3975 516 4052 ipro
530 3976 644 4050 appullu
665 3977 808 4042 luminaris
827 3977 863 4036 ad
887 3995 948 4034 me-
1005 3993 1050 4036 tur
1075 3977 1170 4038 aellatis
1200 3981 1371 4058 llycmirque
1403 3979 1524 4039 effecius.
1562 3975 1674 4037 Indubi.

280 4054 421 4118 titianum
434 4061 463 4118 d(
478 4053 571 4134 portel
583 4056 733 4124 decreriit,
752 4075 873 4118 attamen
896 4057 949 4118 hu-
1006 4064 1061 4118 tati
1079 4079 1187 4136 quoque
1209 4061 1314 4122 constat
1336 4059 1507 4138 experientia
1534 4058 1673 4116 summurn

278 4136 317 4214 ’με
335 4137 375 4202 vir
392 4139 504 4199 ellclius
516 4143 640 4199 nondum
659 4139 697 4198 ert
709 4137 857 4198 maximus.
878 4140 950 4198 Orn-
1007 4141 1131 4200 calorem
1153 4142 1268 4204 secunda
1281 4149 1333 4204 'aut
1346 4141 1431 4205 tertia
1453 4140 1511 4220 poll
1522 4137 1673 4198 meridiem
1861 4175 1867 4188 .

278 4218 318 4279 nir
338 4219 415 4281 enim
444 4241 536 4282 motus
558 4220 644 4280 ternel
662 4219 802 4298 imprellur
823 4219 949 4298 perleve·
1006 4221 1074 4282 bord
1090 4221 1160 4281 lieri.
1773 4217 1777 4220 ’

278 4317 321 4364 ut
348 4301 559 4370 uniformiter,
589 4321 678 4362 uonec
704 4319 783 4360 motu
808 4299 949 4361 contrario
1048 4303 1154 4383 (11)*
1183 4311 1274 4362 Morus
1299 4322 1386 4362 aarum
1416 4302 1481 4361 birri.
1526 4299 1673 4368 Quemad-

278 4379 433 4452 destruatur
447 4383 495 4444 vel
517 4387 614 4440 latrem
632 4381 794 4444 retardetur·
822 4381 896 4440 ilinc
918 4379 949 4439 fit
1007 4383 1125 4442 modum
1140 4401 1237 4458 cor-,rus
1255 4381 1371 4458 quodvis
1381 4379 1492 4460 duplici.
1502 4379 1529 4436 ri
1545 4381 1675 4442 lollicira·

259 4477 311 4532 ¹ut
331 4463 417 4522 fluxus
434 4461 518 4522 maria
537 4463 651 4540 perfert
669 4461 780 4522 circiter
802 4463 883 4522 horat
900 4481 949 4520 an·
1008 4478 1066 4520 turn
1083 4461 1112 4521 in
1132 4461 1212 4521 lincis
1224 4463 1326 4524 duabus
1343 4462 1473 4544 progredi
1487 4461 1581 4543 nequir
1592 4501 1602 4532 ,
1626 4464 1674 4524 sed

282 4541 478 4602 temeridiauaa
500 4545 595 4603 aulice
610 4546 641 4604 &
660 4563 726 4604 curn
748 4560 827 4604 motu
848 4541 949 4604 diurno
1008 4541 1160 4622 corljuusiit
1181 4543 1284 4604 viribus
1296 4543 1556 4626 parallelogrammi
1571 4543 1671 4622 diago-

272 4621 650 4702 ἢ«1111111113ειεοειεηιιιις,
680 4621 783 4701 majori
805 4621 948 4684 celeritate
1006 4617 1100 4682 nalem
1126 4625 1228 4684 eodem
1244 4627 1334 4687 modo
1353 4625 1481 4686 describit
1499 4641 1531 4680 ac
1552 4622 1570 4681 li
1592 4625 1673 4686 unica

281 4701 395 4768 ulterius
422 4723 542 4787 Pergere
566 4704 667 4770 debeat
692 4709 725 4769 ὃ(
748 4723 832 4786 aquas
854 4702 948 4788 tnagis
1005 4703 1034 4769 ri
1054 4706 1131 4786 juata
1146 4705 1304 4791 degenda
1320 4705 1670 4862 directionemurgcgerur

980 4793 992 4807 ⁸
1143 4802 1144 4805 ’
1622 4801 1672 4864 41.
