4406 5708
348 327 648 411 ,Fnuxus
700 349 773 408 ac
823 305 1207 408 Ranuorus
1258 326 1501 406 Mnus.
1578 351 1649 428 359

247 486 361 570 tabula
387 511 484 588 quatu
510 487 623 566 Celeb.
650 485 766 585 Cusini
795 487 954 564 inMem.
984 507 1087 584 1713.
1112 511 1175 584 pro
1201 484 1336 566 diversis
1364 471 1471 566 lund·
1492 491 1510 562 i
1535 485 1646 566 Terrd
1690 491 1808 568 can

249 587 412 668 distantiis
427 610 471 662 ex
494 585 644 680 plurimis
670 585 956 665 observationibus
971 582 1106 660 Brestiae
1131 585 1282 662 institutis
1304 585 1471 685 collegit,
1495 583 1566 662 satis
1588 610 1645 668 ac·
1709 589 1788 668 VII.

248 688 362 768 curatb
376 708 451 760 cum
467 685 595 763 theoria
616 685 729 760 nollrd
743 683 936 783 conspirat,
962 682 1087 762 etiamst
1113 685 1201 760 enim
1216 711 1279 782 pro
1301 679 1396 760 Luna
1412 683 1561 784 perigaea
1577 683 1645 760 mi·
1676 763 1679 778 .
1771 707 1776 718 ·
1833 720 1835 728 ·

250 809 368 866 norem
394 779 618 860 elevationem
633 783 890 881 aquaetribmt.
919 789 1017 884 quam
1044 784 1101 856 illa
1115 782 1200 858 ratio
1214 777 1427 881 requireret,
1452 783 1654 862 tameudise

249 884 376 961 crimen
399 883 501 962 valde
525 883 574 958 esi
592 881 782 978 exignum:
816 880 1021 980 quinetiam
1047 879 1145 958 facile
1172 880 1376 959 concedetur
1405 881 1532 960 Lunam
1558 881 1646 976 peri·

249 1003 361 1080 gaam
384 996 493 1057 totum
518 981 606 1056 suum
632 979 786 1057 effesium
803 1003 872 1054 non
892 997 959 1054 tam
983 978 1051 1057 citb
1077 978 1232 1077 consequi
1253 977 1370 1074 polle,
1396 1005 1497 1080 quem
1524 980 1647 1056 conse·

250 1097 434 1180 queretur,
461 1080 487 1154 li
512 1075 606 1155 Luna
632 1076 797 1176 perpetud
825 1077 863 1152 in
887 1079 1040 1178 perigaeo
1066 1076 1258 1154 versaretur.
1292 1076 1395 1154 Aliter
1418 1096 1527 1155 autem
1551 1078 1648 1157 Luna

249 1201 395 1275 apogaea
420 1177 468 1253 eli
483 1193 701 1272 comparata,
717 1201 803 1276 ‘quae
818 1177 863 1252 ad
881 1177 1132 1254 diminuendam
1144 1173 1259 1250 alium
1274 1172 1382 1252 Maris
1396 1177 1504 1253 tendit
1525 1223 1536 1261 ‚
1570 1173 1648 1251 ciem

248 1274 339 1352 enim
367 1273 469 1350 Mare
493 1276 540 1350 ob
558 1275 714 1351 inertiam
744 1279 782 1354 dc
807 1272 1045 1371 impedimenta
1072 1271 1176 1367 ipsum
1199 1274 1243 1349 ad
1264 1273 1516 1351 diminutionem
1548 1272 1678 1382 aessdss

246 1373 287 1451 fit
316 1374 490 1474 proclive,
516 1372 585 1448 fine
599 1374 663 1450 ulte
677 1369 860 1448 refistentid
874 1371 969 1452 Luna
980 1372 1016 1448 in
1036 1394 1186 1468 apogaeo
1197 1370 1373 1447 constituta
1385 1372 1550 1450 essedum
1558 1375 1648 1450 suum

246 1491 371 1550 exeret.
427 1469 505 1550 Huc
530 1474 631 1548 etiam
659 1471 827 1568 pertinet,
852 1473 945 1571 quod
970 1471 1092 1568 pariter
1117 1469 1239 1545 Celeb.
1266 1465 1382 1563 Ctfflui
1403 1473 1432 1547 se
1460 1473 1646 1549 observasse
1756 1501 1761 1509 ⁸

245 1569 409 1652 testatur,
435 1571 571 1648 similem
598 1569 820 1647 differentiam
846 1571 906 1646 etst
927 1569 1034 1646 multb
1048 1568 1209 1644 minorem
1235 1569 1373 1647 toartis
1387 1570 1471 1648 Solis
1494 1573 1513 1646 ὲ
1535 1570 1646 1646 Terra

246 1669 408 1746 distantiis
439 1669 606 1770 produci,
628 1669 664 1745 id
677 1670 769 1767 quod
784 1669 905 1746 nostrat
929 1667 1152 1744 theorise'non
1174 1666 1275 1743 solum
1298 1665 1346 1742 esl
1359 1671 1645 1750 consentaneum,

245 1767 303 1860 sed
327 1766 407 1846 inde
420 1772 519 1847 etiam
533 1768 602 1866 ipsa
619 1766 785 1868 quantitas
795 1770 889 1862 hujus
904 1765 1101 1846 differentiae
1117 1767 1225 1860 potest
1238 1763 1378 1840 definiri.
1484 1836 1490 1848 ,

298 1867 330 1954 s.
358 1889 439 1944 110.
490 1865 646 1966 Denique
669 1864 836 1943 decimum
859 1865 1113 1944 Phaeoomenon
1145 1860 1210 1938 sese
1232 1861 1329 1938 nobis
1348 1863 1644 1960 contemplandum
1737 1959 1740 1966 .

247 1961 368 2050 offert,
396 1991 464 2065 quo
490 1964 599 2062 vulgb
618 1961 716 2042 statui
737 1965 818 2040 solet
839 1966 935 2040 aestus
950 1981 1018 2040 tam
1046 1960 1292 2038 noviluniotum
1318 1958 1418 2056 quim
1441 1963 1645 2060 plenilun'o-

244 2087 346 2143 rum,
373 2064 429 2162 qui
444 2065 646 2161 puntingunt
669 2061 759 2138 circa
773 2063 1004 2163 equinoctia,
1028 2059 1158 2136 caeteris
1173 2057 1411 2150 attentiores,
1437 2059 1563 2142 etiamfi
1580 2065 1644 2137 ob-

243 2153 448 2244 servationes
474 2165 560 2238 hanc
574 2161 724 2258 regulam
743 2185 810 2234 non
826 2159 958 2260 penitits
983 2158 1210 2246 confirment3
1229 2159 1448 2254 quamobrem
1472 2159 1653 2239 videamus-

232 2256 417 2360 ·quomodo
432 2261 531 2338 aestus
550 2259 681 2335 caeteris
701 2256 835 2354 paribus
862 2273 1073 2353 comparatus
1089 2253 1157 2329 elle
1178 2255 1301 2328 debeat
1312 2257 1526 2350 prodiversts
1540 2255 1645 2346 Lunae

244 2355 531 2445 declinationibus.
568 2355 619 2431 Ac
642 2354 749 2451 primi>
765 2355 901 2452 quidem
920 2378 964 2430 ex
979 2351 1230 2428 nollrdtheoris
1245 2354 1261 2441 (
1279 2357 1308 2448 §.
1327 2358 1373 2444 87
1401 2357 1421 2446 )·
1438 2355 1535 2432 aestus
1560 2357 1641 2432 dum

243 2456 341 2532 Luna
361 2453 395 2528 in
416 2471 586 2553 aquatore
612 2452 758 2530 versatur
778 2495 791 2533 s
830 2451 994 2530 mardmos
1018 2449 1080 2526 esse
1103 2474 1174 2526 non
1195 2449 1308 2544 posse,
1330 2449 1391 2527 nili
1412 2451 1446 2526 in
1476 2453 1559 2530 locis
1585 2455 1648 2548 sub¹

243 2551 316 2650 ipso
333 2571 505 2652 aequatore
524 2552 619 2640 fitist
644 2566 744 2648 atque
759 2552 878 2627 eodem
894 2553 973 2628 loco
987 2551 1142 2626 tabellam
1157 2545 1361 2639 adjecimus,
1386 2573 1430 2626 ex
1445 2549 1512 2650 qui
1528 2569 1645 2648 patet,

244 2651 379 2728 cuinam
407 2649 511 2730 Lunae
526 2649 744 2729 declinationi
770 2650 905 2725 maximi
928 2645 1028 2728 aestus
1048 2645 1279 2748 respondeant.
1318 2644 1369 2724 lta
1391 2674 1454 2744 pro
1480 2651 1643 2727 elevatio.

243 2771 288 2822 ne
311 2749 383 2845 poli
415 2752 506 2847 50⁰2
543 2750 639 2826 aelius
655 2746 791 2824 maximi
818 2747 968 2826 incidunt
999 2747 1106 2826 Lunae
1127 2741 1345 2822 declinationi
1370 2751 1472 2841 27⁰,
1529 2775 1549 2826 1.
1567 2751 1650 2848 qui·.,

226 2844 322 2922 'dem
341 2874 369 2947 g
400 2867 545 2940 ponatur
564 2867 599 2910 ἱ·-
622 2893 658 2944 π
678 2868 692 2937 3
726 2863 760 2923 at
783 2845 937 2950 pusttog
960 2855 1051 2942 :1¹0
1079 2894 1092 2933 ,
1137 2843 1230 2945 quod
1256 2846 1457 2938 probabilius
1480 2849 1640 2940 videtur,

243 2946 356 3041 prodit
380 2947 487 3023 Lunae
514 2942 694 3027 declinatio
723 2945 902 3023 maximum
943 2947 1060 3024 aestum
1083 2947 1282 3045 ,producens
1312 2943 1446 3020 circiter
1477 2950 1563 3029 rm,
1601 2946 1639 3026 id

179 3059 180 3064 ’
244 3045 337 3140 quod
361 3044 499 3124 mirifice
525 3044 685 3124 convenit
709 3069 786 3120 cum
817 3044 1105 3122 observationibus
1122 3048 1176 3144 ad¹
1190 3042 1329 3126 littora,
1353 3039 1471 3119 Galliae
1498 3046 1639 3142 Septen·

119 3219 121 3224 ,
242 3139 395 3218 trionalia
413 3141 599 3225 institutis,
638 3141 759 3244 quibus
783 3143 914 3221 conllat
940 3141 1103 3220 maximos
1124 3139 1333 3241 syzygiarum
1356 3141 1453 3218 aettus
1475 3143 1642 3222 mensibus

242 3235 429 3315 Novembri
455 3247 492 3322 dc
514 3239 698 3320 Febmario
723 3240 881 3319 accidere
900 3241 1047 3325 solere,x
1072 3241 1189 3339 quibus
1213 3239 1421 3334 temporibus
1444 3240 1539 3316 Luna
1569 3240 1641 3320 sere

241 3333 434 3433 assignatam
459 3341 589 3420 obtinet
609 3337 878 3416 declinationem.
916 3339 960 3417 At
983 3339 1076 3437 quod
1092 3334 1179 3412 forte
1201 3335 1413 3432 illiregulae‚
1438 3341 1505 3433 qud
1532 3339 1638 3440 Lunae

240 3429 276 3505 in
300 3453 474 3538 aequatore
500 3438 642 3518 versanti
663 3436 801 3514 maximi
815 3444 911 3522 aestus
925 3435 1067 3514 adscribi
1083 3436 1189 3518 solet,
1213 3435 1324 3510 antam
1345 3434 1515 3532 prabuitse
1538 3437 1637 3516 vide·

240 3545 318 3616 tur,
340 3537 389 3612 esi
405 3540 524 3617 modus
546 3541 684 3616 aestuum
699 3538 900 3636 quantitates
915 3529 1288 3634 definiendipeculiaris
1306 3555 1347 3609 ac
1362 3533 1435 3612 satis
1447 3537 1646 3630 perversus;¹

241 3625 318 3742 cbm
340 3634 428 3709 enim
447 3639 623 3716 crederent
646 3634 794 3736 plerique
821 3641 1053 3718 observatores
1079 3631 1183 3712 caulis
1206 3629 1320 3706 alienis
1336 3631 1543 3708 tribuendam
1567 3633 1636 3712 else

241 3733 523 3825 inequalitatem,
547 3761 623 3836 quae
637 3734 723 3809 inter
741 3735 838 3816 binos
850 3739 950 3815 aestus
967 3732 1158 3810 succeffivos
1181 3729 1388 3810 intercedat,
1413 3753 1525 3807 veram
1539 3755 1636 3830 aquae

240 3822 462 3907 elevationem
484 3831 668 3912 accuratiiss
690 3829 830 3911 definire
852 3837 926 3914 sunt
953 3831 1127 3915 arbitrati,
1152 3828 1361 3904 slsumerent
1380 3826 1525 3904 medium
1550 3830 1635 3907 inter

239 3922 338 4003 binos
363 3923 489 4010 Florus
508 3929 712 4010 successivos.
760 3930 865 4024 Qubd
890 3935 1042 4010 stantem
1062 3929 1129 4006 hoo
1157 3926 1261 4004 modo
1290 3925 1413 4024 quique
1434 3925 1529 4002 aestus
1553 3927 1634 4003 aesli-

238 4041 396 4108 menturs
418 4045 487 4108 tum
509 4030 623 4128 otique
639 4027 778 4104 maximi
792 4034 888 4111 aellus
901 4033 936 4106 in
950 4026 1155 4129 equinoctia
1175 4021 1325 4101 incidere
1346 4023 1633 4105 observabuntur,

237 4117 275 4198 id
298 4125 393 4224 quod
420 4129 518 4204 etiam
532 4127 654 4206 nolirae
671 4128 810 4208 theoriae
824 4131 967 4211 manime
990 4123 1252 4205 escensurus,
1274 4121 1557 4218 exceptistantum
1581 4148 1650 4200 re-.

239 4219 397 4314 gionibus
418 4229 503 4325 polis
521 4225 747 4306 vicinioribus.
774 4231 860 4308 Cium
886 4231 973 4307 euim
995 4224 1111 4324 postris
1136 4225 1207 4299 srnu
1221 4220 1415 4297 elevationis
1438 4219 1552 4316 poli=
1576 4223 1635 4308 P,

238 4317 353 4396 collnu
365 4342 399 4382 ··-·
407 4347 458 4427 ps
485 4329 556 4404 stnu
569 4323 803 4406 dedicationis
818 4327 924 4406 Lunae
937 4350 970 4390 =
983 4327 1039 4420 Q·
1059 4323 1262 4413 costuu=qs
1275 4320 1379 4414 major
1394 4316 1559 4396 aelltufiat
1573 4345 1638 4417 ptr¹
1677 4399 1681 4406 ,

236 4462 373 4591 spatium
405 4427 1080 4622 mifikast-[Q-(ffiffi),
1115 4468 1223 4547 minut
1244 4465 1329 4545 verb
1353 4487 1413 4568 per
1435 4465 1572 4566 spatium¹
1596 4483 1631 4528 =

236 4629 240 4636 ’
980 4619 1056 4695 Zz
1094 4637 1119 4698 2
1445 4687 1448 4695 ,
1482 4697 1486 4704 ,
1561 4635 1635 4714 33¹
