<?xml version="1.0" encoding="UTF-8"?>
<!DOCTYPE html PUBLIC "-//W3C//DTD XHTML 1.0 Transitional//EN"
    "http://www.w3.org/TR/xhtml1/DTD/xhtml1-transitional.dtd">
<html xmlns="http://www.w3.org/1999/xhtml" xml:lang="en" lang="en">
 <head>
  <title>
</title>
<meta http-equiv="Content-Type" content="text/html;charset=utf-8" />
  <meta name='ocr-system' content='tesseract 3.04.00' />
  <meta name='ocr-capabilities' content='ocr_page ocr_carea ocr_par ocr_line ocrx_word'/>
</head>
<body>
  <div class='ocr_page' id='page_1' title='image "./philosophiaenat01eulegoog_0093.png"; bbox 0 0 4406 5718; ppageno 0'>
   <div class='ocr_carea' id='block_1_1' title="bbox 595 358 1793 534">
    <p class='ocr_par' dir='ltr' id='par_1_1' title="bbox 595 358 1793 534">
     <span class='ocr_line' id='line_1_1' title="bbox 595 358 1793 534; baseline -0.014 -42"><span class='ocrx_word' id='word_1_1' title='bbox 595 405 663 534; x_wconf 79' lang='lat'>52</span> <span class='ocrx_word' id='word_1_2' title='bbox 872 366 1344 486; x_wconf 78' lang='lat' dir='ltr'>Purrosorrrtn</span> <span class='ocrx_word' id='word_1_3' title='bbox 1385 358 1793 481; x_wconf 78' lang='lat' dir='ltr'>Nrunnrnrs</span> 
     </span>
    </p>
   </div>
   <div class='ocr_carea' id='block_1_2' title="bbox 395 517 1991 892">
    <p class='ocr_par' dir='ltr' id='par_1_2' title="bbox 395 517 1991 892">
     <span class='ocr_line' id='line_1_2' title="bbox 411 517 1988 644; baseline 0.01 -50"><span class='ocrx_word' id='word_1_4' title='bbox 411 533 460 594; x_wconf 83' lang='lat' dir='ltr'>nr</span> <span class='ocrx_word' id='word_1_5' title='bbox 479 533 710 619; x_wconf 64' lang='lat' dir='ltr'>Mur-metro</span> <span class='ocrx_word' id='word_1_6' title='bbox 744 553 923 644; x_wconf 84' lang='lat' dir='ltr'>expertus</span> <span class='ocrx_word' id='word_1_7' title='bbox 957 530 1043 616; x_wconf 91' lang='lat' dir='ltr'>sum</span> <span class='ocrx_word' id='word_1_8' title='bbox 1074 523 1184 637; x_wconf 88' lang='lat' dir='ltr'>quod</span> <span class='ocrx_word' id='word_1_9' title='bbox 1222 521 1398 643; x_wconf 86' lang='lat' dir='ltr'>septuplo</span> <span class='ocrx_word' id='word_1_10' title='bbox 1438 522 1526 612; x_wconf 84' lang='lat' dir='ltr'>solis</span> <span class='ocrx_word' id='word_1_11' title='bbox 1561 519 1683 612; x_wconf 79' lang='lat' dir='ltr'>aettivi</span> <span class='ocrx_word' id='word_1_12' title='bbox 1720 517 1851 606; x_wconf 83' lang='lat' dir='ltr'>calore</span> <span class='ocrx_word' id='word_1_13' title='bbox 1888 549 1988 634; x_wconf 83' lang='lat' dir='ltr'>aqut</span> 
     </span>
     <span class='ocr_line' id='line_1_3' title="bbox 395 614 1990 759; baseline -0.008 -25"><span class='ocrx_word' id='word_1_14' title='bbox 395 614 552 759; x_wconf 55' lang='lat' dir='ltr'>mu-</span> <span class='ocrx_word' id='word_1_15' title='bbox 585 645 732 736; x_wconf 76' lang='lat' dir='ltr'>ebullit.</span> <span class='ocrx_word' id='word_1_16' title='bbox 764 644 944 734; x_wconf 87' lang='lat' dir='ltr'>Dubium</span> <span class='ocrx_word' id='word_1_17' title='bbox 966 643 1064 736; x_wconf 80' lang='lat' dir='ltr'>vem</span> <span class='ocrx_word' id='word_1_18' title='bbox 1078 671 1159 732; x_wconf 92' lang='lat' dir='ltr'>non</span> <span class='ocrx_word' id='word_1_19' title='bbox 1187 647 1240 730; x_wconf 89' lang='lat' dir='ltr'>est</span> <span class='ocrx_word' id='word_1_20' title='bbox 1257 638 1354 752; x_wconf 90' lang='lat' dir='ltr'>quin</span> <span class='ocrx_word' id='word_1_21' title='bbox 1370 638 1532 728; x_wconf 83' lang='lat' dir='ltr'>materia</span> <span class='ocrx_word' id='word_1_22' title='bbox 1551 636 1735 726; x_wconf 89' lang='lat' dir='ltr'>mercurii</span> <span class='ocrx_word' id='word_1_23' title='bbox 1749 636 1799 724; x_wconf 91' lang='lat' dir='ltr'>ad</span> <span class='ocrx_word' id='word_1_24' title='bbox 1815 634 1990 723; x_wconf 80' lang='lat' dir='ltr'>calorem</span> 
     </span>
     <span class='ocr_line' id='line_1_4' title="bbox 587 751 1991 892; baseline -0.008 -39"><span class='ocrx_word' id='word_1_25' title='bbox 587 761 936 864; x_wconf 81' lang='lat' dir='ltr'>accommodetur,</span> <span class='ocrx_word' id='word_1_26' title='bbox 960 769 1002 850; x_wconf 73' lang='grc' dir='ltr'>δι</span> <span class='ocrx_word' id='word_1_27' title='bbox 1020 783 1222 892; x_wconf 78' lang='lat' dir='ltr'>propterea</span> <span class='ocrx_word' id='word_1_28' title='bbox 1237 757 1389 846; x_wconf 79' lang='lat' dir='ltr'>densior</span> <span class='ocrx_word' id='word_1_29' title='bbox 1408 759 1450 844; x_wconf 87' lang='lat' dir='ltr'>srt</span> <span class='ocrx_word' id='word_1_30' title='bbox 1464 753 1539 844; x_wconf 84' lang='lat' dir='ltr'>lulc</span> <span class='ocrx_word' id='word_1_31' title='bbox 1551 754 1696 860; x_wconf 79' lang='lat' dir='ltr'>nostri3</span> <span class='ocrx_word' id='word_1_32' title='bbox 1718 751 1813 844; x_wconf 82' lang='lat' dir='ltr'>cirm</span> <span class='ocrx_word' id='word_1_33' title='bbox 1828 755 1991 842; x_wconf 81' lang='lat' dir='ltr'>materis</span> 
     </span>
    </p>
   </div>
   <div class='ocr_carea' id='block_1_3' title="bbox 587 867 1990 1114">
    <p class='ocr_par' dir='ltr' id='par_1_3' title="bbox 587 867 1990 1114">
     <span class='ocr_line' id='line_1_5' title="bbox 587 867 1990 1002; baseline -0.009 -32"><span class='ocrx_word' id='word_1_34' title='bbox 587 879 718 970; x_wconf 84' lang='lat' dir='ltr'>omnis</span> <span class='ocrx_word' id='word_1_35' title='bbox 749 879 901 969; x_wconf 77' lang='lat' dir='ltr'>densior</span> <span class='ocrx_word' id='word_1_36' title='bbox 922 878 972 966; x_wconf 84' lang='lat' dir='ltr'>ad</span> <span class='ocrx_word' id='word_1_37' title='bbox 1000 901 1245 1002; x_wconf 69' lang='lat' dir='ltr'>operationes</span> <span class='ocrx_word' id='word_1_38' title='bbox 1264 871 1453 964; x_wconf 80' lang='lat' dir='ltr'><strong>naturales</strong></span> <span class='ocrx_word' id='word_1_39' title='bbox 1483 872 1685 964; x_wconf 84' lang='lat' dir='ltr'>obeundae</span> <span class='ocrx_word' id='word_1_40' title='bbox 1705 867 1900 982; x_wconf 83' lang='lat' dir='ltr'>majorem</span> <span class='ocrx_word' id='word_1_41' title='bbox 1928 902 1990 958; x_wconf 80' lang='lat' dir='ltr'>ca·</span> 
     </span>
     <span class='ocr_line' id='line_1_6' title="bbox 587 996 920 1114; baseline -0.003 -25"><span class='ocrx_word' id='word_1_42' title='bbox 587 996 716 1089; x_wconf 90' lang='lat' dir='ltr'>lutem</span> <span class='ocrx_word' id='word_1_43' title='bbox 739 1000 920 1114; x_wconf 80' lang='lat' dir='ltr'>requirat.</span> 
     </span>
    </p>
   </div>
   <div class='ocr_carea' id='block_1_4' title="bbox 1837 1102 2021 1206">
    <p class='ocr_par' dir='ltr' id='par_1_4' title="bbox 1837 1102 2021 1206">
     <span class='ocr_line' id='line_1_7' title="bbox 1837 1102 2021 1206; baseline 0.011 -17"><span class='ocrx_word' id='word_1_44' title='bbox 1837 1102 2021 1206; x_wconf 68' lang='lat' dir='ltr'>PRO:-</span> 
     </span>
    </p>
   </div>
   <div class='ocr_carea' id='block_1_5' title="bbox 462 1609 2189 4802">
    <p class='ocr_par' dir='ltr' id='par_1_5' title="bbox 462 1609 2189 3826">
     <span class='ocr_line' id='line_1_8' title="bbox 462 1609 1990 1706; baseline -0.005 -17"><span class='ocrx_word' id='word_1_45' title='bbox 462 1641 512 1706; x_wconf 60' lang='grc' dir='ltr'>η,</span> <span class='ocrx_word' id='word_1_46' title='bbox 583 1641 687 1689; x_wconf 71' lang='lat' dir='ltr'>“rente</span> <span class='ocrx_word' id='word_1_47' title='bbox 706 1609 854 1689; x_wconf 67' lang='lat' dir='ltr'>locabam</span> <span class='ocrx_word' id='word_1_48' title='bbox 869 1621 883 1706; x_wconf 89' lang='lat'>(</span> <span class='ocrx_word' id='word_1_49' title='bbox 901 1643 1044 1706; x_wconf 89' lang='lat' dir='ltr'>computus</span> <span class='ocrx_word' id='word_1_50' title='bbox 1063 1624 1143 1689; x_wconf 89' lang='lat' dir='ltr'>enim</span> <span class='ocrx_word' id='word_1_51' title='bbox 1163 1624 1193 1688; x_wconf 90' lang='lat' dir='ltr'>in</span> <span class='ocrx_word' id='word_1_52' title='bbox 1211 1628 1264 1690; x_wconf 79' lang='lat' dir='ltr'>ltro</span> <span class='ocrx_word' id='word_1_53' title='bbox 1320 1626 1531 1690; x_wconf 66' lang='lat' dir='ltr'>Loeanteninr</span> <span class='ocrx_word' id='word_1_54' title='bbox 1548 1621 1654 1685; x_wconf 85' lang='lat' dir='ltr'>serrum</span> <span class='ocrx_word' id='word_1_55' title='bbox 1665 1619 1990 1687; x_wconf 80' lang='lat' dir='ltr'>cundensinrenrouni-</span> 
     </span>
     <span class='ocr_line' id='line_1_9' title="bbox 578 1701 1990 1790; baseline 0.001 -20"><span class='ocrx_word' id='word_1_56' title='bbox 578 1711 718 1772; x_wconf 68' lang='lat' dir='ltr'>oratura</span> <span class='ocrx_word' id='word_1_57' title='bbox 745 1707 891 1770; x_wconf 79' lang='lat' dir='ltr'>inchoatur</span> <span class='ocrx_word' id='word_1_58' title='bbox 906 1712 923 1768; x_wconf 75' lang='grc' dir='ltr'>ὲ</span> <span class='ocrx_word' id='word_1_59' title='bbox 942 1707 1037 1772; x_wconf 80' lang='lat' dir='ltr'>calore</span> <span class='ocrx_word' id='word_1_60' title='bbox 1056 1727 1113 1786; x_wconf 87' lang='lat' dir='ltr'>quo</span> <span class='ocrx_word' id='word_1_61' title='bbox 1134 1729 1204 1788; x_wconf 78' lang='lat' dir='ltr'>aqua</span> <span class='ocrx_word' id='word_1_62' title='bbox 1219 1710 1264 1772; x_wconf 88' lang='lat' dir='ltr'>in·</span> <span class='ocrx_word' id='word_1_63' title='bbox 1321 1709 1451 1772; x_wconf 82' lang='lat' dir='ltr'>formiter</span> <span class='ocrx_word' id='word_1_64' title='bbox 1464 1709 1582 1790; x_wconf 75' lang='lat' dir='ltr'>spirense</span> <span class='ocrx_word' id='word_1_65' title='bbox 1591 1744 1603 1778; x_wconf 88' lang='lat'><em>‚</em></span> <span class='ocrx_word' id='word_1_66' title='bbox 1619 1725 1650 1768; x_wconf 89' lang='lat' dir='ltr'>ut</span> <span class='ocrx_word' id='word_1_67' title='bbox 1666 1701 1738 1776; x_wconf 74' lang='lat' dir='ltr'>atti</span> <span class='ocrx_word' id='word_1_68' title='bbox 1752 1703 1827 1768; x_wconf 73' lang='lat' dir='ltr'>ferro</span> <span class='ocrx_word' id='word_1_69' title='bbox 1845 1702 1990 1768; x_wconf 62' lang='lat' dir='ltr'>alefaffitt</span> 
     </span>
     <span class='ocr_line' id='line_1_10' title="bbox 579 1784 1990 1872; baseline -0.003 -22"><span class='ocrx_word' id='word_1_70' title='bbox 579 1791 674 1870; x_wconf 49' lang='lat' dir='ltr'>,serpit</span> <span class='ocrx_word' id='word_1_71' title='bbox 690 1789 830 1872; x_wconf 81' lang='lat' dir='ltr'>rigescere</span> <span class='ocrx_word' id='word_1_72' title='bbox 852 1806 983 1866; x_wconf 80' lang='lat' dir='ltr'>tunquam</span> <span class='ocrx_word' id='word_1_73' title='bbox 1004 1795 1039 1856; x_wconf 80' lang='lat' dir='ltr'>ab</span> <span class='ocrx_word' id='word_1_74' title='bbox 1064 1789 1165 1856; x_wconf 86' lang='lat' dir='ltr'>infimo</span> <span class='ocrx_word' id='word_1_75' title='bbox 1184 1793 1262 1854; x_wconf 77' lang='lat' dir='ltr'>erlo·</span> <span class='ocrx_word' id='word_1_76' title='bbox 1322 1789 1432 1872; x_wconf 86' lang='lat' dir='ltr'>semper</span> <span class='ocrx_word' id='word_1_77' title='bbox 1443 1791 1752 1870; x_wconf 66' lang='lat' dir='ltr'>abripereturbventm</span> <span class='ocrx_word' id='word_1_78' title='bbox 1774 1788 1865 1848; x_wconf 71' lang='lat' dir='ltr'>&amp;ser</span> <span class='ocrx_word' id='word_1_79' title='bbox 1874 1784 1990 1866; x_wconf 87' lang='lat' dir='ltr'>frigidus</span> 
     </span>
     <span class='ocr_line' id='line_1_11' title="bbox 584 1867 1987 1954; baseline -0.006 -21"><span class='ocrx_word' id='word_1_80' title='bbox 584 1873 643 1934; x_wconf 75' lang='lat' dir='ltr'>“ris</span> <span class='ocrx_word' id='word_1_81' title='bbox 667 1875 757 1954; x_wconf 85' lang='lat' dir='ltr'>gradu</span> <span class='ocrx_word' id='word_1_82' title='bbox 782 1871 827 1930; x_wconf 88' lang='lat' dir='ltr'>seu</span> <span class='ocrx_word' id='word_1_83' title='bbox 855 1871 998 1933; x_wconf 86' lang='lat' dir='ltr'>communi</span> <span class='ocrx_word' id='word_1_84' title='bbox 1016 1871 1138 1934; x_wconf 88' lang='lat' dir='ltr'>termino</span> <span class='ocrx_word' id='word_1_85' title='bbox 1164 1872 1264 1934; x_wconf 84' lang='lat' dir='ltr'>caloris</span> <span class='ocrx_word' id='word_1_86' title='bbox 1322 1871 1351 1931; x_wconf 91' lang='lat' dir='ltr'>in</span> <span class='ocrx_word' id='word_1_87' title='bbox 1373 1873 1467 1935; x_wconf 83' lang='lat' dir='ltr'>locunt</span> <span class='ocrx_word' id='word_1_88' title='bbox 1483 1875 1541 1950; x_wconf 83' lang='lat' dir='ltr'>ejus</span> <span class='ocrx_word' id='word_1_89' title='bbox 1559 1867 1693 1932; x_wconf 80' lang='lat' dir='ltr'>uniformi</span> <span class='ocrx_word' id='word_1_90' title='bbox 1718 1889 1782 1928; x_wconf 90' lang='lat' dir='ltr'>curn</span> <span class='ocrx_word' id='word_1_91' title='bbox 1802 1887 1882 1938; x_wconf 84' lang='lat' dir='ltr'>motu</span> <span class='ocrx_word' id='word_1_92' title='bbox 1898 1867 1987 1926; x_wconf 84' lang='lat' dir='ltr'>succe-</span> 
     </span>
     <span class='ocr_line' id='line_1_12' title="bbox 584 1949 1991 2035; baseline -0.006 -17"><span class='ocrx_word' id='word_1_93' title='bbox 584 1957 641 2018; x_wconf 67' lang='lat' dir='ltr'>s&amp;</span> <span class='ocrx_word' id='word_1_94' title='bbox 664 1953 776 2035; x_wconf 81' lang='lat' dir='ltr'>frigoris</span> <span class='ocrx_word' id='word_1_95' title='bbox 799 1949 811 2030; x_wconf 89' lang='lat'>)</span> <span class='ocrx_word' id='word_1_96' title='bbox 831 1953 985 2031; x_wconf 77' lang='lat' dir='ltr'>occupabar</span> <span class='ocrx_word' id='word_1_97' title='bbox 1007 1953 1123 2032; x_wconf 84' lang='lat' dir='ltr'>spatium</span> <span class='ocrx_word' id='word_1_98' title='bbox 1143 1953 1264 2032; x_wconf 84' lang='lat' dir='ltr'>partium</span> <span class='ocrx_word' id='word_1_99' title='bbox 1322 1955 1421 2025; x_wconf 88' lang='lat' dir='ltr'>deret,</span> <span class='ocrx_word' id='word_1_100' title='bbox 1443 1955 1478 2015; x_wconf 79' lang='lat' dir='ltr'>fic</span> <span class='ocrx_word' id='word_1_101' title='bbox 1496 1951 1885 2030; x_wconf 76' lang='lat' dir='ltr'>enimaerirpmesaequater</span> <span class='ocrx_word' id='word_1_102' title='bbox 1900 1967 1991 2025; x_wconf 69' lang='lat' dir='ltr'>cqua-</span> 
     </span>
     <span class='ocr_line' id='line_1_13' title="bbox 587 2027 1991 2116; baseline -0.004 -20"><span class='ocrx_word' id='word_1_103' title='bbox 587 2048 713 2096; x_wconf 80' lang='lat' dir='ltr'>“toooo</span> <span class='ocrx_word' id='word_1_104' title='bbox 735 2034 814 2094; x_wconf 90' lang='lat' dir='ltr'>idem</span> <span class='ocrx_word' id='word_1_105' title='bbox 834 2035 931 2094; x_wconf 88' lang='lat' dir='ltr'>oleum</span> <span class='ocrx_word' id='word_1_106' title='bbox 950 2036 1045 2098; x_wconf 82' lang='lat' dir='ltr'>calore</span> <span class='ocrx_word' id='word_1_107' title='bbox 1068 2035 1192 2116; x_wconf 88' lang='lat' dir='ltr'>corporis</span> <span class='ocrx_word' id='word_1_108' title='bbox 1211 2037 1264 2096; x_wconf 90' lang='lat' dir='ltr'>hu·</span> <span class='ocrx_word' id='word_1_109' title='bbox 1320 2035 1392 2096; x_wconf 86' lang='lat' dir='ltr'>libus</span> <span class='ocrx_word' id='word_1_110' title='bbox 1414 2035 1586 2115; x_wconf 73' lang='lat' dir='ltr'>temporibus</span> <span class='ocrx_word' id='word_1_111' title='bbox 1613 2032 1753 2093; x_wconf 77' lang='lat' dir='ltr'>calesatlae</span> <span class='ocrx_word' id='word_1_112' title='bbox 1770 2031 1828 2092; x_wconf 89' lang='lat' dir='ltr'>sunt</span> <span class='ocrx_word' id='word_1_113' title='bbox 1846 2033 1877 2094; x_wconf 79' lang='grc' dir='ltr'>δι</span> <span class='ocrx_word' id='word_1_114' title='bbox 1897 2027 1991 2092; x_wconf 89' lang='lat' dir='ltr'>conci·</span> 
     </span>
     <span class='ocr_line' id='line_1_14' title="bbox 590 2109 1990 2196; baseline -0.003 -20"><span class='ocrx_word' id='word_1_115' title='bbox 590 2117 689 2177; x_wconf 77' lang='lat' dir='ltr'>“mani</span> <span class='ocrx_word' id='word_1_116' title='bbox 739 2113 908 2177; x_wconf 77' lang='lat' dir='ltr'>raresac‘lum</span> <span class='ocrx_word' id='word_1_117' title='bbox 951 2117 1104 2196; x_wconf 81' lang='lat' dir='ltr'>occupabat</span> <span class='ocrx_word' id='word_1_118' title='bbox 1144 2115 1263 2192; x_wconf 81' lang='lat' dir='ltr'>spatium</span> <span class='ocrx_word' id='word_1_119' title='bbox 1321 2116 1435 2196; x_wconf 87' lang='lat' dir='ltr'>piebant</span> <span class='ocrx_word' id='word_1_120' title='bbox 1453 2119 1577 2178; x_wconf 77' lang='lat' dir='ltr'>calorem</span> <span class='ocrx_word' id='word_1_121' title='bbox 1596 2115 1682 2175; x_wconf 88' lang='lat' dir='ltr'>calori</span> <span class='ocrx_word' id='word_1_122' title='bbox 1708 2111 1774 2175; x_wconf 85' lang='lat' dir='ltr'>fetri</span> <span class='ocrx_word' id='word_1_123' title='bbox 1794 2109 1990 2194; x_wconf 78' lang='lat' dir='ltr'>proportione·</span> 
     </span>
     <span class='ocr_line' id='line_1_15' title="bbox 581 2190 1991 2274; baseline -0.004 -18"><span class='ocrx_word' id='word_1_124' title='bbox 581 2207 708 2268; x_wconf 65' lang='grc' dir='ltr'>4(ιοιςό</span> <span class='ocrx_word' id='word_1_125' title='bbox 727 2199 757 2260; x_wconf 89' lang='lat'>&amp;</span> <span class='ocrx_word' id='word_1_126' title='bbox 775 2195 869 2256; x_wconf 86' lang='lat' dir='ltr'>calore</span> <span class='ocrx_word' id='word_1_127' title='bbox 879 2215 955 2272; x_wconf 82' lang='lat' dir='ltr'>aquus</span> <span class='ocrx_word' id='word_1_128' title='bbox 966 2200 1078 2274; x_wconf 78' lang='lat' dir='ltr'>jamjam</span> <span class='ocrx_word' id='word_1_129' title='bbox 1088 2195 1207 2258; x_wconf 89' lang='lat' dir='ltr'>ebullire</span> <span class='ocrx_word' id='word_1_130' title='bbox 1219 2197 1263 2256; x_wconf 90' lang='lat' dir='ltr'>irr-</span> <span class='ocrx_word' id='word_1_131' title='bbox 1321 2215 1401 2268; x_wconf 81' lang='lat' dir='ltr'>tam3</span> <span class='ocrx_word' id='word_1_132' title='bbox 1431 2198 1504 2258; x_wconf 82' lang='lat' dir='ltr'>Hinc</span> <span class='ocrx_word' id='word_1_133' title='bbox 1525 2195 1544 2256; x_wconf 90' lang='lat' dir='ltr'>li</span> <span class='ocrx_word' id='word_1_134' title='bbox 1566 2193 1708 2256; x_wconf 70' lang='lat' dir='ltr'>dividatur</span> <span class='ocrx_word' id='word_1_135' title='bbox 1724 2213 1832 2274; x_wconf 88' lang='lat' dir='ltr'>tempus</span> <span class='ocrx_word' id='word_1_136' title='bbox 1846 2190 1991 2274; x_wconf 78' lang='lat' dir='ltr'>rubigerii</span> 
     </span>
     <span class='ocr_line' id='line_1_16' title="bbox 587 2275 1989 2360; baseline -0.001 -21"><span class='ocrx_word' id='word_1_137' title='bbox 587 2277 741 2360; x_wconf 73' lang='lat' dir='ltr'>“cipientis</span> <span class='ocrx_word' id='word_1_138' title='bbox 764 2276 881 2358; x_wconf 80' lang='lat' dir='ltr'>spatium</span> <span class='ocrx_word' id='word_1_139' title='bbox 908 2293 1001 2348; x_wconf 82' lang='lat'>10705</span> <span class='ocrx_word' id='word_1_140' title='bbox 1024 2280 1055 2340; x_wconf 75' lang='grc' dir='ltr'>ὅ(</span> <span class='ocrx_word' id='word_1_141' title='bbox 1075 2280 1168 2340; x_wconf 81' lang='lat' dir='ltr'>calore</span> <span class='ocrx_word' id='word_1_142' title='bbox 1188 2299 1264 2356; x_wconf 68' lang='lat' dir='ltr'>nque¹</span> <span class='ocrx_word' id='word_1_143' title='bbox 1321 2277 1389 2342; x_wconf 89' lang='lat' dir='ltr'>ferri</span> <span class='ocrx_word' id='word_1_144' title='bbox 1406 2280 1435 2338; x_wconf 93' lang='lat' dir='ltr'>in</span> <span class='ocrx_word' id='word_1_145' title='bbox 1452 2277 1578 2340; x_wconf 79' lang='lat' dir='ltr'>instantia</span> <span class='ocrx_word' id='word_1_146' title='bbox 1594 2277 1709 2356; x_wconf 66' lang='lat' dir='ltr'>equalis</span> <span class='ocrx_word' id='word_1_147' title='bbox 1728 2315 1738 2347; x_wconf 90' lang='lat'><em>,</em></span> <span class='ocrx_word' id='word_1_148' title='bbox 1765 2275 1838 2348; x_wconf 86' lang='lat' dir='ltr'>etit,</span> <span class='ocrx_word' id='word_1_149' title='bbox 1869 2293 1900 2336; x_wconf 90' lang='lat' dir='ltr'>ut</span> <span class='ocrx_word' id='word_1_150' title='bbox 1917 2291 1989 2338; x_wconf 79' lang='lat' dir='ltr'>totus</span> 
     </span>
     <span class='ocr_line' id='line_1_17' title="bbox 591 2355 1990 2438; baseline -0.004 -17"><span class='ocrx_word' id='word_1_151' title='bbox 591 2357 798 2422; x_wconf 72' lang='lat' dir='ltr'>“uehementer</span> <span class='ocrx_word' id='word_1_152' title='bbox 814 2357 972 2420; x_wconf 72' lang='lat' dir='ltr'>ebullientis</span> <span class='ocrx_word' id='word_1_153' title='bbox 997 2361 1149 2436; x_wconf 78' lang='lat'>10725,&amp;</span> <span class='ocrx_word' id='word_1_154' title='bbox 1168 2361 1262 2422; x_wconf 82' lang='lat' dir='ltr'>calore</span> <span class='ocrx_word' id='word_1_155' title='bbox 1320 2361 1399 2422; x_wconf 83' lang='lat' dir='ltr'>calor</span> <span class='ocrx_word' id='word_1_156' title='bbox 1418 2359 1484 2422; x_wconf 86' lang='lat' dir='ltr'>ferri</span> <span class='ocrx_word' id='word_1_157' title='bbox 1497 2357 1580 2422; x_wconf 88' lang='lat' dir='ltr'>initio</span> <span class='ocrx_word' id='word_1_158' title='bbox 1600 2358 1684 2438; x_wconf 90' lang='lat' dir='ltr'>primi</span> <span class='ocrx_word' id='word_1_159' title='bbox 1696 2356 1816 2418; x_wconf 81' lang='lat' dir='ltr'>instantis</span> <span class='ocrx_word' id='word_1_160' title='bbox 1827 2397 1837 2429; x_wconf 92' lang='lat'>,</span> <span class='ocrx_word' id='word_1_161' title='bbox 1858 2355 1895 2417; x_wconf 83' lang='lat' dir='ltr'>ad</span> <span class='ocrx_word' id='word_1_162' title='bbox 1914 2357 1990 2420; x_wconf 81' lang='lat' dir='ltr'>culo-</span> 
     </span>
     <span class='ocr_line' id='line_1_18' title="bbox 590 2437 1987 2521; baseline -0.003 -19"><span class='ocrx_word' id='word_1_163' title='bbox 590 2441 699 2502; x_wconf 77' lang='lat' dir='ltr'>“stanni</span> <span class='ocrx_word' id='word_1_164' title='bbox 731 2439 873 2516; x_wconf 72' lang='lat' dir='ltr'>liquefacti</span> <span class='ocrx_word' id='word_1_165' title='bbox 912 2439 959 2499; x_wconf 90' lang='lat' dir='ltr'>ubi</span> <span class='ocrx_word' id='word_1_166' title='bbox 993 2440 1092 2520; x_wconf 86' lang='lat' dir='ltr'>incipit</span> <span class='ocrx_word' id='word_1_167' title='bbox 1125 2441 1264 2521; x_wconf 85' lang='lat' dir='ltr'>rigescere</span> <span class='ocrx_word' id='word_1_168' title='bbox 1320 2461 1384 2503; x_wconf 87' lang='lat' dir='ltr'>rem</span> <span class='ocrx_word' id='word_1_169' title='bbox 1400 2441 1516 2503; x_wconf 87' lang='lat' dir='ltr'>durante</span> <span class='ocrx_word' id='word_1_170' title='bbox 1534 2460 1571 2503; x_wconf 87' lang='lat' dir='ltr'>eo</span> <span class='ocrx_word' id='word_1_171' title='bbox 1592 2439 1701 2500; x_wconf 80' lang='lat' dir='ltr'>instanti</span> <span class='ocrx_word' id='word_1_172' title='bbox 1719 2437 1865 2500; x_wconf 81' lang='lat' dir='ltr'>amissum:</span> <span class='ocrx_word' id='word_1_173' title='bbox 1888 2437 1922 2498; x_wconf 84' lang='lat' dir='ltr'>fic</span> <span class='ocrx_word' id='word_1_174' title='bbox 1943 2458 1987 2498; x_wconf 84' lang='lat' dir='ltr'>cu·</span> 
     </span>
     <span class='ocr_line' id='line_1_19' title="bbox 589 2519 1990 2599; baseline -0.003 -16"><span class='ocrx_word' id='word_1_175' title='bbox 589 2535 709 2594; x_wconf 72' lang='lat' dir='ltr'>“tr5r6</span> <span class='ocrx_word' id='word_1_176' title='bbox 734 2523 812 2592; x_wconf 69' lang='lat' dir='ltr'>&amp;ct</span> <span class='ocrx_word' id='word_1_177' title='bbox 833 2519 1263 2599; x_wconf 69' lang='lat' dir='ltr'>Raresaslioadrisaequulicalo-</span> <span class='ocrx_word' id='word_1_178' title='bbox 1320 2523 1365 2585; x_wconf 89' lang='lat' dir='ltr'>lor</span> <span class='ocrx_word' id='word_1_179' title='bbox 1391 2524 1456 2585; x_wconf 86' lang='lat' dir='ltr'>serti</span> <span class='ocrx_word' id='word_1_180' title='bbox 1482 2522 1564 2584; x_wconf 89' lang='lat' dir='ltr'>initio</span> <span class='ocrx_word' id='word_1_181' title='bbox 1584 2521 1695 2583; x_wconf 89' lang='lat' dir='ltr'>secundi</span> <span class='ocrx_word' id='word_1_182' title='bbox 1720 2521 1841 2582; x_wconf 82' lang='lat' dir='ltr'>instantis</span> <span class='ocrx_word' id='word_1_183' title='bbox 1858 2520 1894 2580; x_wconf 83' lang='lat' dir='ltr'>ad</span> <span class='ocrx_word' id='word_1_184' title='bbox 1914 2521 1990 2582; x_wconf 87' lang='lat' dir='ltr'>calo-</span> 
     </span>
     <span class='ocr_line' id='line_1_20' title="bbox 588 2599 1989 2682; baseline -0.003 -16"><span class='ocrx_word' id='word_1_185' title='bbox 588 2617 642 2666; x_wconf 60' lang='grc' dir='ltr'>ι(ιι</span> <span class='ocrx_word' id='word_1_186' title='bbox 676 2603 729 2668; x_wconf 86' lang='lat' dir='ltr'>fuit</span> <span class='ocrx_word' id='word_1_187' title='bbox 767 2603 887 2680; x_wconf 84' lang='lat' dir='ltr'>decuplo</span> <span class='ocrx_word' id='word_1_188' title='bbox 913 2604 1007 2682; x_wconf 79' lang='lat' dir='ltr'>major</span> <span class='ocrx_word' id='word_1_189' title='bbox 1046 2608 1131 2680; x_wconf 67' lang='lat' dir='ltr'>quem</span> <span class='ocrx_word' id='word_1_190' title='bbox 1157 2605 1263 2666; x_wconf 73' lang='lat' dir='ltr'>retest·</span> <span class='ocrx_word' id='word_1_191' title='bbox 1320 2622 1382 2664; x_wconf 84' lang='lat' dir='ltr'>renr</span> <span class='ocrx_word' id='word_1_192' title='bbox 1405 2605 1522 2666; x_wconf 86' lang='lat' dir='ltr'>durante</span> <span class='ocrx_word' id='word_1_193' title='bbox 1536 2624 1573 2666; x_wconf 90' lang='lat' dir='ltr'>eo</span> <span class='ocrx_word' id='word_1_194' title='bbox 1589 2601 1823 2666; x_wconf 80' lang='lat' dir='ltr'>secundoinllanti</span> <span class='ocrx_word' id='word_1_195' title='bbox 1843 2599 1989 2670; x_wconf 81' lang='lat' dir='ltr'>amissum,</span> 
     </span>
     <span class='ocr_line' id='line_1_21' title="bbox 588 2680 2189 2766; baseline -0.004 -20"><span class='ocrx_word' id='word_1_196' title='bbox 588 2685 667 2747; x_wconf 74' lang='lat' dir='ltr'>“clio</span> <span class='ocrx_word' id='word_1_197' title='bbox 694 2683 751 2748; x_wconf 92' lang='lat' dir='ltr'>olei</span> <span class='ocrx_word' id='word_1_198' title='bbox 770 2681 844 2761; x_wconf 82' lang='lat' dir='ltr'>quast</span> <span class='ocrx_word' id='word_1_199' title='bbox 870 2682 1031 2760; x_wconf 87' lang='lat' dir='ltr'>quindecim</span> <span class='ocrx_word' id='word_1_200' title='bbox 1047 2685 1154 2745; x_wconf 86' lang='lat' dir='ltr'>vicibus</span> <span class='ocrx_word' id='word_1_201' title='bbox 1170 2689 1262 2763; x_wconf 74' lang='lat' dir='ltr'>major</span> <span class='ocrx_word' id='word_1_202' title='bbox 1321 2685 1379 2746; x_wconf 85' lang='lat' dir='ltr'>&amp;c</span> <span class='ocrx_word' id='word_1_203' title='bbox 1400 2685 1519 2762; x_wconf 78' lang='lat' dir='ltr'>ideoque</span> <span class='ocrx_word' id='word_1_204' title='bbox 1543 2684 1662 2766; x_wconf 81' lang='lat' dir='ltr'>fingatur</span> <span class='ocrx_word' id='word_1_205' title='bbox 1674 2681 1780 2744; x_wconf 86' lang='lat' dir='ltr'>lineum</span> <span class='ocrx_word' id='word_1_206' title='bbox 1800 2685 1905 2746; x_wconf 75' lang='lat' dir='ltr'>retum</span> <span class='ocrx_word' id='word_1_207' title='bbox 1924 2680 1989 2743; x_wconf 90' lang='lat' dir='ltr'>duci</span> <span class='ocrx_word' id='word_1_208' title='bbox 2188 2745 2189 2754; x_wconf 10' lang='grc' dir='ltr'>χ</span> 
     </span>
     <span class='ocr_line' id='line_1_22' title="bbox 591 2761 2122 2848; baseline -0.003 -20"><span class='ocrx_word' id='word_1_209' title='bbox 591 2771 698 2844; x_wconf 71' lang='grc' dir='ltr'>αιιιιὲιιι</span> <span class='ocrx_word' id='word_1_210' title='bbox 716 2763 865 2827; x_wconf 76' lang='lat' dir='ltr'>rarefaoio</span> <span class='ocrx_word' id='word_1_211' title='bbox 888 2761 994 2844; x_wconf 80' lang='lat' dir='ltr'>spiritur</span> <span class='ocrx_word' id='word_1_212' title='bbox 1012 2763 1079 2828; x_wconf 83' lang='lat' dir='ltr'>vini.</span> <span class='ocrx_word' id='word_1_213' title='bbox 1112 2767 1148 2826; x_wconf 87' lang='lat' dir='ltr'>Er</span> <span class='ocrx_word' id='word_1_214' title='bbox 1166 2783 1201 2824; x_wconf 84' lang='lat' dir='ltr'>ex</span> <span class='ocrx_word' id='word_1_215' title='bbox 1218 2767 1262 2827; x_wconf 87' lang='lat' dir='ltr'>his</span> <span class='ocrx_word' id='word_1_216' title='bbox 1320 2769 1394 2846; x_wconf 80' lang='lat' dir='ltr'>cujus</span> <span class='ocrx_word' id='word_1_217' title='bbox 1409 2765 1834 2848; x_wconf 82' lang='lat' dir='ltr'>abscissaedefignentrempura;</span> <span class='ocrx_word' id='word_1_218' title='bbox 1854 2762 1989 2827; x_wconf 80' lang='lat' dir='ltr'>ordinares</span> <span class='ocrx_word' id='word_1_219' title='bbox 2116 2799 2122 2814; x_wconf 67' lang='grc' dir='ltr'>ι</span> 
     </span>
     <span class='ocr_line' id='line_1_23' title="bbox 591 2844 1989 2928; baseline -0.001 -20"><span class='ocrx_word' id='word_1_220' title='bbox 591 2845 730 2910; x_wconf 75' lang='lat' dir='ltr'>“intentis</span> <span class='ocrx_word' id='word_1_221' title='bbox 762 2845 893 2926; x_wconf 86' lang='lat' dir='ltr'>ponendo</span> <span class='ocrx_word' id='word_1_222' title='bbox 911 2846 1018 2910; x_wconf 82' lang='lat' dir='ltr'>calores</span> <span class='ocrx_word' id='word_1_223' title='bbox 1044 2845 1101 2909; x_wconf 86' lang='lat' dir='ltr'>olei</span> <span class='ocrx_word' id='word_1_224' title='bbox 1119 2845 1198 2926; x_wconf 80' lang='lat' dir='ltr'>ipsius</span> <span class='ocrx_word' id='word_1_225' title='bbox 1217 2869 1262 2910; x_wconf 74' lang='lat' dir='ltr'>ra·</span> <span class='ocrx_word' id='word_1_226' title='bbox 1320 2845 1349 2908; x_wconf 90' lang='lat' dir='ltr'>in</span> <span class='ocrx_word' id='word_1_227' title='bbox 1369 2846 1500 2910; x_wconf 83' lang='lat' dir='ltr'>extremis</span> <span class='ocrx_word' id='word_1_228' title='bbox 1512 2847 1797 2928; x_wconf 81' lang='lat' dir='ltr'>absciffiserigrntur,</span> <span class='ocrx_word' id='word_1_229' title='bbox 1817 2867 1876 2923; x_wconf 83' lang='lat' dir='ltr'>quse</span> <span class='ocrx_word' id='word_1_230' title='bbox 1885 2844 1989 2907; x_wconf 82' lang='lat' dir='ltr'>calores</span> 
     </span>
     <span class='ocr_line' id='line_1_24' title="bbox 590 2925 1991 3012; baseline -0.001 -23"><span class='ocrx_word' id='word_1_231' title='bbox 590 2927 759 2990; x_wconf 66' lang='lat' dir='ltr'>“resedioni</span> <span class='ocrx_word' id='word_1_232' title='bbox 788 2925 1010 3008; x_wconf 78' lang='lat' dir='ltr'>proportionales</span> <span class='ocrx_word' id='word_1_233' title='bbox 1038 2929 1070 2990; x_wconf 76' lang='grc' dir='ltr'>δι</span> <span class='ocrx_word' id='word_1_234' title='bbox 1095 2949 1147 3006; x_wconf 89' lang='lat' dir='ltr'>pro</span> <span class='ocrx_word' id='word_1_235' title='bbox 1167 2930 1262 2992; x_wconf 78' lang='lat' dir='ltr'>calore</span> <span class='ocrx_word' id='word_1_236' title='bbox 1319 2927 1387 2990; x_wconf 89' lang='lat' dir='ltr'>serri</span> <span class='ocrx_word' id='word_1_237' title='bbox 1398 2929 1507 3012; x_wconf 86' lang='lat' dir='ltr'>fingulis</span> <span class='ocrx_word' id='word_1_238' title='bbox 1518 2929 1667 2993; x_wconf 84' lang='lat' dir='ltr'>momentis</span> <span class='ocrx_word' id='word_1_239' title='bbox 1684 2925 1991 3009; x_wconf 79' lang='lat' dir='ltr'>designent3differeu-</span> 
     </span>
     <span class='ocr_line' id='line_1_25' title="bbox 590 3007 1988 3091; baseline -0.003 -19"><span class='ocrx_word' id='word_1_240' title='bbox 590 3011 740 3091; x_wconf 70' lang='lat' dir='ltr'>“corporis</span> <span class='ocrx_word' id='word_1_241' title='bbox 752 3008 868 3073; x_wconf 85' lang='lat' dir='ltr'>humani</span> <span class='ocrx_word' id='word_1_242' title='bbox 877 3007 1024 3076; x_wconf 79' lang='lat' dir='ltr'>scribendo</span> <span class='ocrx_word' id='word_1_243' title='bbox 1033 3027 1122 3089; x_wconf 81' lang='lat' dir='ltr'>partes</span> <span class='ocrx_word' id='word_1_244' title='bbox 1139 3028 1176 3073; x_wconf 86' lang='lat' dir='ltr'>tr</span> <span class='ocrx_word' id='word_1_245' title='bbox 1198 3030 1264 3089; x_wconf 89' lang='lat' dir='ltr'>pro-</span> <span class='ocrx_word' id='word_1_246' title='bbox 1320 3007 1366 3070; x_wconf 79' lang='lat' dir='ltr'>tiae</span> <span class='ocrx_word' id='word_1_247' title='bbox 1384 3031 1483 3076; x_wconf 81' lang='lat' dir='ltr'>earum</span> <span class='ocrx_word' id='word_1_248' title='bbox 1502 3012 1694 3074; x_wconf 80' lang='lat' dir='ltr'>ordinatarum</span> <span class='ocrx_word' id='word_1_249' title='bbox 1715 3025 1794 3079; x_wconf 83' lang='lat' dir='ltr'>crunt</span> <span class='ocrx_word' id='word_1_250' title='bbox 1810 3009 1844 3070; x_wconf 87' lang='lat' dir='ltr'>iis</span> <span class='ocrx_word' id='word_1_251' title='bbox 1864 3007 1925 3088; x_wconf 81' lang='lat' dir='ltr'>ipfis</span> <span class='ocrx_word' id='word_1_252' title='bbox 1942 3027 1988 3070; x_wconf 90' lang='lat' dir='ltr'>ot·-</span> 
     </span>
     <span class='ocr_line' id='line_1_26' title="bbox 590 3087 1989 3174; baseline -0.004 -20"><span class='ocrx_word' id='word_1_253' title='bbox 590 3093 666 3154; x_wconf 77' lang='lat' dir='ltr'>“diit</span> <span class='ocrx_word' id='word_1_254' title='bbox 691 3093 863 3168; x_wconf 77' lang='lat' dir='ltr'>caloreque</span> <span class='ocrx_word' id='word_1_255' title='bbox 882 3087 930 3152; x_wconf 90' lang='lat' dir='ltr'>ubi</span> <span class='ocrx_word' id='word_1_256' title='bbox 954 3093 1136 3154; x_wconf 83' lang='lat' dir='ltr'>vehementer</span> <span class='ocrx_word' id='word_1_257' title='bbox 1164 3090 1263 3154; x_wconf 86' lang='lat' dir='ltr'>ebullit</span> <span class='ocrx_word' id='word_1_258' title='bbox 1319 3089 1420 3154; x_wconf 66' lang='lat' dir='ltr'>dinam</span> <span class='ocrx_word' id='word_1_259' title='bbox 1441 3094 1660 3174; x_wconf 83' lang='lat' dir='ltr'>proportionales</span> <span class='ocrx_word' id='word_1_260' title='bbox 1688 3089 1893 3160; x_wconf 75' lang='lat' dir='ltr'>Geometritd,</span> <span class='ocrx_word' id='word_1_261' title='bbox 1910 3087 1989 3148; x_wconf 83' lang='lat' dir='ltr'>ided-</span> 
     </span>
     <span class='ocr_line' id='line_1_27' title="bbox 588 3171 1988 3254; baseline -0.004 -20"><span class='ocrx_word' id='word_1_262' title='bbox 588 3172 733 3252; x_wconf 76' lang='lat' dir='ltr'>“purtium</span> <span class='ocrx_word' id='word_1_263' title='bbox 753 3189 790 3250; x_wconf 78' lang='lat'>34</span> <span class='ocrx_word' id='word_1_264' title='bbox 812 3209 840 3240; x_wconf 55' lang='grc' dir='ltr'>ῃ.</span> <span class='ocrx_word' id='word_1_265' title='bbox 863 3173 898 3232; x_wconf 92' lang='lat' dir='ltr'>In</span> <span class='ocrx_word' id='word_1_266' title='bbox 918 3171 1018 3234; x_wconf 80' lang='lat' dir='ltr'>erdem</span> <span class='ocrx_word' id='word_1_267' title='bbox 1036 3193 1128 3233; x_wconf 83' lang='lat' dir='ltr'>autem</span> <span class='ocrx_word' id='word_1_268' title='bbox 1151 3171 1264 3238; x_wconf 71' lang='lat' dir='ltr'>Tubuli</span> <span class='ocrx_word' id='word_1_269' title='bbox 1319 3193 1373 3249; x_wconf 88' lang='lat' dir='ltr'>que</span> <span class='ocrx_word' id='word_1_270' title='bbox 1392 3192 1476 3237; x_wconf 83' lang='lat' dir='ltr'>curra</span> <span class='ocrx_word' id='word_1_271' title='bbox 1489 3195 1537 3254; x_wconf 89' lang='lat' dir='ltr'>per</span> <span class='ocrx_word' id='word_1_272' title='bbox 1554 3195 1650 3236; x_wconf 83' lang='lat' dir='ltr'>earum</span> <span class='ocrx_word' id='word_1_273' title='bbox 1662 3173 1855 3236; x_wconf 80' lang='lat' dir='ltr'>ordinaturum</span> <span class='ocrx_word' id='word_1_274' title='bbox 1872 3171 1988 3234; x_wconf 80' lang='lat' dir='ltr'>vertices</span> 
     </span>
     <span class='ocr_line' id='line_1_28' title="bbox 589 3251 1989 3338; baseline -0.004 -22"><span class='ocrx_word' id='word_1_275' title='bbox 589 3255 723 3333; x_wconf 87' lang='lat' dir='ltr'>ponendo</span> <span class='ocrx_word' id='word_1_276' title='bbox 744 3257 868 3316; x_wconf 84' lang='lat' dir='ltr'>calorem</span> <span class='ocrx_word' id='word_1_277' title='bbox 892 3252 1017 3333; x_wconf 86' lang='lat' dir='ltr'>corporis</span> <span class='ocrx_word' id='word_1_278' title='bbox 1048 3252 1162 3314; x_wconf 83' lang='lat' dir='ltr'>humani</span> <span class='ocrx_word' id='word_1_279' title='bbox 1195 3273 1261 3327; x_wconf 86' lang='lat' dir='ltr'>rr,</span> <span class='ocrx_word' id='word_1_280' title='bbox 1318 3255 1448 3318; x_wconf 81' lang='lat' dir='ltr'>transrens</span> <span class='ocrx_word' id='word_1_281' title='bbox 1469 3257 1523 3318; x_wconf 87' lang='lat' dir='ltr'>erit</span> <span class='ocrx_word' id='word_1_282' title='bbox 1539 3252 1772 3338; x_wconf 80' lang='lat' dir='ltr'>Logarirhmica‚</span> <span class='ocrx_word' id='word_1_283' title='bbox 1804 3251 1989 3316; x_wconf 78' lang='lat' dir='ltr'>crescentibus</span> 
     </span>
     <span class='ocr_line' id='line_1_29' title="bbox 585 3330 1990 3418; baseline -0.001 -22"><span class='ocrx_word' id='word_1_284' title='bbox 585 3333 668 3415; x_wconf 87' lang='lat' dir='ltr'>punit</span> <span class='ocrx_word' id='word_1_285' title='bbox 697 3335 822 3398; x_wconf 82' lang='lat' dir='ltr'>calorem</span> <span class='ocrx_word' id='word_1_286' title='bbox 848 3335 918 3396; x_wconf 86' lang='lat' dir='ltr'>aeris</span> <span class='ocrx_word' id='word_1_287' title='bbox 938 3335 1024 3398; x_wconf 70' lang='lat' dir='ltr'>eniri</span> <span class='ocrx_word' id='word_1_288' title='bbox 1043 3354 1083 3405; x_wconf 86' lang='lat'>4,</span> <span class='ocrx_word' id='word_1_289' title='bbox 1109 3353 1147 3407; x_wconf 87' lang='lat'>5,</span> <span class='ocrx_word' id='word_1_290' title='bbox 1167 3336 1212 3396; x_wconf 84' lang='lat' dir='ltr'>vel</span> <span class='ocrx_word' id='word_1_291' title='bbox 1232 3348 1261 3396; x_wconf 82' lang='lat'>6.</span> <span class='ocrx_word' id='word_1_292' title='bbox 1318 3352 1390 3418; x_wconf 83' lang='lat' dir='ltr'>ergo</span> <span class='ocrx_word' id='word_1_293' title='bbox 1411 3338 1583 3418; x_wconf 81' lang='lat' dir='ltr'>temporibru</span> <span class='ocrx_word' id='word_1_294' title='bbox 1608 3335 1808 3408; x_wconf 79' lang='lat' dir='ltr'>Arithmeticd,</span> <span class='ocrx_word' id='word_1_295' title='bbox 1827 3335 1903 3400; x_wconf 78' lang='lat' dir='ltr'>calor</span> <span class='ocrx_word' id='word_1_296' title='bbox 1921 3330 1990 3394; x_wconf 83' lang='lat' dir='ltr'>serti</span> 
     </span>
     <span class='ocr_line' id='line_1_30' title="bbox 588 3415 1991 3498; baseline -0.001 -22"><span class='ocrx_word' id='word_1_297' title='bbox 588 3419 686 3488; x_wconf 75' lang='lat' dir='ltr'>Quare</span> <span class='ocrx_word' id='word_1_298' title='bbox 703 3417 833 3478; x_wconf 88' lang='lat' dir='ltr'>medium</span> <span class='ocrx_word' id='word_1_299' title='bbox 842 3417 1022 3487; x_wconf 78' lang='lat' dir='ltr'>assumendo,</span> <span class='ocrx_word' id='word_1_300' title='bbox 1042 3417 1120 3478; x_wconf 84' lang='lat' dir='ltr'>estut</span> <span class='ocrx_word' id='word_1_301' title='bbox 1138 3415 1261 3494; x_wconf 89' lang='lat' dir='ltr'>quinque</span> <span class='ocrx_word' id='word_1_302' title='bbox 1319 3418 1500 3482; x_wconf 76' lang='lat' dir='ltr'>Geomerrict</span> <span class='ocrx_word' id='word_1_303' title='bbox 1513 3417 1648 3481; x_wconf 86' lang='lat' dir='ltr'>decrescit</span> <span class='ocrx_word' id='word_1_304' title='bbox 1665 3416 1991 3498; x_wconf 80' lang='lat' dir='ltr'>&amp;proptereacslorurn</span> 
     </span>
     <span class='ocr_line' id='line_1_31' title="bbox 588 3497 1991 3581; baseline 0.004 -23"><span class='ocrx_word' id='word_1_305' title='bbox 588 3500 626 3558; x_wconf 84' lang='lat' dir='ltr'>ad</span> <span class='ocrx_word' id='word_1_306' title='bbox 645 3517 683 3574; x_wconf 86' lang='lat'>34</span> <span class='ocrx_word' id='word_1_307' title='bbox 703 3498 757 3559; x_wconf 81' lang='lat' dir='ltr'>fise</span> <span class='ocrx_word' id='word_1_308' title='bbox 775 3497 904 3580; x_wconf 75' lang='lat' dir='ltr'>proximd</span> <span class='ocrx_word' id='word_1_309' title='bbox 921 3515 951 3558; x_wconf 92' lang='lat' dir='ltr'>ut</span> <span class='ocrx_word' id='word_1_310' title='bbox 970 3519 981 3558; x_wconf 95' lang='grc' dir='ltr'>ι</span> <span class='ocrx_word' id='word_1_311' title='bbox 1008 3497 1044 3557; x_wconf 84' lang='lat' dir='ltr'>ad</span> <span class='ocrx_word' id='word_1_312' title='bbox 1066 3517 1106 3568; x_wconf 84' lang='lat'>7,</span> <span class='ocrx_word' id='word_1_313' title='bbox 1127 3497 1167 3557; x_wconf 84' lang='lat' dir='ltr'>itu</span> <span class='ocrx_word' id='word_1_314' title='bbox 1183 3499 1260 3561; x_wconf 80' lang='lat' dir='ltr'>calor</span> <span class='ocrx_word' id='word_1_315' title='bbox 1319 3517 1419 3562; x_wconf 89' lang='lat' dir='ltr'>eorum</span> <span class='ocrx_word' id='word_1_316' title='bbox 1431 3499 1614 3572; x_wconf 77' lang='lat' dir='ltr'>Geometrica</span> <span class='ocrx_word' id='word_1_317' title='bbox 1626 3500 1699 3562; x_wconf 81' lang='lat' dir='ltr'>ratio</span> <span class='ocrx_word' id='word_1_318' title='bbox 1719 3519 1769 3578; x_wconf 85' lang='lat' dir='ltr'>per</span> <span class='ocrx_word' id='word_1_319' title='bbox 1787 3497 1991 3581; x_wconf 70' lang='lat' dir='ltr'>Logarithmb·¹</span> 
     </span>
     <span class='ocr_line' id='line_1_32' title="bbox 588 3577 1886 3660; baseline 0 -18"><span class='ocrx_word' id='word_1_320' title='bbox 588 3579 662 3642; x_wconf 78' lang='lat' dir='ltr'>aeris</span> <span class='ocrx_word' id='word_1_321' title='bbox 683 3577 767 3643; x_wconf 85' lang='lat' dir='ltr'>aellivi</span> <span class='ocrx_word' id='word_1_322' title='bbox 787 3581 821 3641; x_wconf 85' lang='lat' dir='ltr'>ad</span> <span class='ocrx_word' id='word_1_323' title='bbox 837 3579 963 3642; x_wconf 83' lang='lat' dir='ltr'>colorem</span> <span class='ocrx_word' id='word_1_324' title='bbox 981 3599 1059 3656; x_wconf 81' lang='lat' dir='ltr'>aquae</span> <span class='ocrx_word' id='word_1_325' title='bbox 1074 3577 1260 3641; x_wconf 84' lang='lat' dir='ltr'>ebullientis:</span> <span class='ocrx_word' id='word_1_326' title='bbox 1318 3597 1381 3644; x_wconf 86' lang='lat' dir='ltr'>runt</span> <span class='ocrx_word' id='word_1_327' title='bbox 1394 3585 1519 3646; x_wconf 73' lang='lat' dir='ltr'>tabularu</span> <span class='ocrx_word' id='word_1_328' title='bbox 1532 3581 1629 3646; x_wconf 78' lang='lat' dir='ltr'>heberi</span> <span class='ocrx_word' id='word_1_329' title='bbox 1641 3579 1753 3660; x_wconf 87' lang='lat' dir='ltr'>poterit.</span> <span class='ocrx_word' id='word_1_330' title='bbox 1881 3601 1886 3606; x_wconf 89' lang='grc'><strong><em>·</em></strong></span> 
     </span>
     <span class='ocr_line' id='line_1_33' title="bbox 587 3659 2048 3746; baseline 0.003 -24"><span class='ocrx_word' id='word_1_331' title='bbox 587 3661 636 3738; x_wconf 82' lang='lat' dir='ltr'>qui</span> <span class='ocrx_word' id='word_1_332' title='bbox 657 3682 727 3742; x_wconf 88' lang='lat' dir='ltr'>ergo</span> <span class='ocrx_word' id='word_1_333' title='bbox 745 3661 881 3741; x_wconf 75' lang='lat' dir='ltr'>septuplus</span> <span class='ocrx_word' id='word_1_334' title='bbox 906 3661 945 3722; x_wconf 89' lang='lat' dir='ltr'>est</span> <span class='ocrx_word' id='word_1_335' title='bbox 966 3659 1066 3724; x_wconf 83' lang='lat' dir='ltr'>caloris</span> <span class='ocrx_word' id='word_1_336' title='bbox 1086 3660 1157 3723; x_wconf 84' lang='lat' dir='ltr'>aeris</span> <span class='ocrx_word' id='word_1_337' title='bbox 1175 3660 1261 3725; x_wconf 69' lang='lat' dir='ltr'>eniri</span> <span class='ocrx_word' id='word_1_338' title='bbox 1359 3663 1425 3736; x_wconf 89' lang='lat' dir='ltr'>Quo</span> <span class='ocrx_word' id='word_1_339' title='bbox 1450 3664 1603 3746; x_wconf 82' lang='lat' dir='ltr'>suppufito,</span> <span class='ocrx_word' id='word_1_340' title='bbox 1632 3663 1796 3744; x_wconf 81' lang='lat' dir='ltr'>imponebat</span> <span class='ocrx_word' id='word_1_341' title='bbox 1814 3667 1906 3730; x_wconf 81' lang='lat' dir='ltr'>Autot</span> <span class='ocrx_word' id='word_1_342' title='bbox 1923 3685 1989 3726; x_wconf 86' lang='lat' dir='ltr'>cuu-</span> <span class='ocrx_word' id='word_1_343' title='bbox 2037 3659 2048 3676; x_wconf 82' lang='lat'><strong><em>‘</em></strong></span> 
     </span>
     <span class='ocr_line' id='line_1_34' title="bbox 590 3742 1990 3826; baseline 0.002 -22"><span class='ocrx_word' id='word_1_344' title='bbox 590 3743 741 3805; x_wconf 87' lang='lat' dir='ltr'>secundum</span> <span class='ocrx_word' id='word_1_345' title='bbox 757 3745 885 3806; x_wconf 83' lang='lat' dir='ltr'>assertum</span> <span class='ocrx_word' id='word_1_346' title='bbox 905 3742 1138 3806; x_wconf 80' lang='lat' dir='ltr'>Neutonirnunr.</span> <span class='ocrx_word' id='word_1_347' title='bbox 1319 3743 1395 3805; x_wconf 88' lang='lat' dir='ltr'>denti</span> <span class='ocrx_word' id='word_1_348' title='bbox 1410 3745 1487 3810; x_wconf 88' lang='lat' dir='ltr'>ferro</span> <span class='ocrx_word' id='word_1_349' title='bbox 1506 3745 1650 3826; x_wconf 81' lang='lat' dir='ltr'>particulas</span> <span class='ocrx_word' id='word_1_350' title='bbox 1666 3745 1842 3809; x_wconf 85' lang='lat' dir='ltr'>diversorum</span> <span class='ocrx_word' id='word_1_351' title='bbox 1858 3747 1990 3810; x_wconf 86' lang='lat' dir='ltr'>metallu-</span> 
     </span>
    </p>

    <p class='ocr_par' dir='ltr' id='par_1_6' title="bbox 585 3822 1990 4802">
     <span class='ocr_line' id='line_1_35' title="bbox 631 3822 1988 3906; baseline 0.004 -19"><span class='ocrx_word' id='word_1_352' title='bbox 631 3825 773 3903; x_wconf 88' lang='lat' dir='ltr'>Disputuri</span> <span class='ocrx_word' id='word_1_353' title='bbox 793 3845 886 3887; x_wconf 86' lang='lat' dir='ltr'>autem</span> <span class='ocrx_word' id='word_1_354' title='bbox 905 3822 992 3904; x_wconf 77' lang='lat' dir='ltr'>posset</span> <span class='ocrx_word' id='word_1_355' title='bbox 1003 3863 1013 3894; x_wconf 93' lang='lat'><em>,</em></span> <span class='ocrx_word' id='word_1_356' title='bbox 1035 3825 1200 3900; x_wconf 81' lang='lat' dir='ltr'>quodcalor</span> <span class='ocrx_word' id='word_1_357' title='bbox 1216 3843 1258 3886; x_wconf 82' lang='lat' dir='ltr'>ra·</span> <span class='ocrx_word' id='word_1_358' title='bbox 1318 3847 1403 3897; x_wconf 87' lang='lat' dir='ltr'>rum,</span> <span class='ocrx_word' id='word_1_359' title='bbox 1424 3829 1455 3890; x_wconf 79' lang='grc' dir='ltr'>δι</span> <span class='ocrx_word' id='word_1_360' title='bbox 1469 3827 1591 3892; x_wconf 84' lang='lat' dir='ltr'>aliorum</span> <span class='ocrx_word' id='word_1_361' title='bbox 1600 3827 1988 3906; x_wconf 65' lang='lat' dir='ltr'>commensurabilem&amp;</span> 
     </span>
     <span class='ocr_line' id='line_1_36' title="bbox 590 3904 1989 3992; baseline 0.001 -22"><span class='ocrx_word' id='word_1_362' title='bbox 590 3906 737 3970; x_wconf 77' lang='lat' dir='ltr'>refrttioni</span> <span class='ocrx_word' id='word_1_363' title='bbox 766 3906 823 3968; x_wconf 91' lang='lat' dir='ltr'>olei</span> <span class='ocrx_word' id='word_1_364' title='bbox 848 3906 1064 3986; x_wconf 78' lang='lat' dir='ltr'>proportionalis</span> <span class='ocrx_word' id='word_1_365' title='bbox 1094 3904 1261 3986; x_wconf 83' lang='lat' dir='ltr'>supponatur</span> <span class='ocrx_word' id='word_1_366' title='bbox 1318 3907 1425 3972; x_wconf 83' lang='lat' dir='ltr'>notavit</span> <span class='ocrx_word' id='word_1_367' title='bbox 1445 3929 1572 3989; x_wconf 86' lang='lat' dir='ltr'>tempora</span> <span class='ocrx_word' id='word_1_368' title='bbox 1595 3907 1737 3992; x_wconf 81' lang='lat' dir='ltr'>refrigerii</span> <span class='ocrx_word' id='word_1_369' title='bbox 1759 3909 1851 3971; x_wconf 89' lang='lat' dir='ltr'>donec</span> <span class='ocrx_word' id='word_1_370' title='bbox 1869 3910 1989 3990; x_wconf 84' lang='lat' dir='ltr'>perticu-</span> 
     </span>
     <span class='ocr_line' id='line_1_37' title="bbox 588 3988 1986 4073; baseline 0.004 -25"><span class='ocrx_word' id='word_1_371' title='bbox 588 3988 691 4066; x_wconf 81' lang='lat' dir='ltr'>sbsque</span> <span class='ocrx_word' id='word_1_372' title='bbox 715 3989 856 4050; x_wconf 84' lang='lat' dir='ltr'>sufficienti</span> <span class='ocrx_word' id='word_1_373' title='bbox 875 3988 1002 4058; x_wconf 81' lang='lat' dir='ltr'>ratione,</span> <span class='ocrx_word' id='word_1_374' title='bbox 1024 3990 1055 4050; x_wconf 73' lang='grc' dir='ltr'><strong>ἃ</strong></span> <span class='ocrx_word' id='word_1_375' title='bbox 1068 3989 1142 4066; x_wconf 90' lang='lat' dir='ltr'>quod</span> <span class='ocrx_word' id='word_1_376' title='bbox 1160 3988 1262 4049; x_wconf 89' lang='lat' dir='ltr'>termi·</span> <span class='ocrx_word' id='word_1_377' title='bbox 1319 3990 1353 4050; x_wconf 80' lang='lat' dir='ltr'>lue</span> <span class='ocrx_word' id='word_1_378' title='bbox 1367 4012 1464 4053; x_wconf 85' lang='lat' dir='ltr'>onmes</span> <span class='ocrx_word' id='word_1_379' title='bbox 1488 3990 1588 4053; x_wconf 71' lang='lat' dir='ltr'>amissi</span> <span class='ocrx_word' id='word_1_380' title='bbox 1606 3991 1740 4052; x_wconf 83' lang='lat' dir='ltr'>fluiditate</span> <span class='ocrx_word' id='word_1_381' title='bbox 1750 3989 1932 4073; x_wconf 80' lang='lat' dir='ltr'>rigescerent,</span> <span class='ocrx_word' id='word_1_382' title='bbox 1952 3993 1986 4054; x_wconf 75' lang='lat' dir='ltr'>dt</span> 
     </span>
     <span class='ocr_line' id='line_1_38' title="bbox 590 4068 1987 4152; baseline 0.002 -22"><span class='ocrx_word' id='word_1_383' title='bbox 590 4091 639 4130; x_wconf 85' lang='lat' dir='ltr'>nur</span> <span class='ocrx_word' id='word_1_384' title='bbox 662 4076 751 4148; x_wconf 84' lang='lat' dir='ltr'>&#39;aquo</span> <span class='ocrx_word' id='word_1_385' title='bbox 777 4069 927 4132; x_wconf 78' lang='lat' dir='ltr'>rurefusiio</span> <span class='ocrx_word' id='word_1_386' title='bbox 949 4090 982 4130; x_wconf 85' lang='lat' dir='ltr'>ea</span> <span class='ocrx_word' id='word_1_387' title='bbox 1000 4070 1142 4131; x_wconf 83' lang='lat' dir='ltr'>numerari</span> <span class='ocrx_word' id='word_1_388' title='bbox 1161 4068 1260 4148; x_wconf 87' lang='lat' dir='ltr'>incipit</span> <span class='ocrx_word' id='word_1_389' title='bbox 1316 4073 1432 4133; x_wconf 83' lang='lat' dir='ltr'>tandem</span> <span class='ocrx_word' id='word_1_390' title='bbox 1451 4073 1527 4135; x_wconf 88' lang='lat' dir='ltr'>calor</span> <span class='ocrx_word' id='word_1_391' title='bbox 1549 4072 1616 4134; x_wconf 87' lang='lat' dir='ltr'>serti</span> <span class='ocrx_word' id='word_1_392' title='bbox 1637 4093 1789 4152; x_wconf 80' lang='lat' dir='ltr'>aequaretut</span> <span class='ocrx_word' id='word_1_393' title='bbox 1810 4071 1898 4136; x_wconf 80' lang='lat' dir='ltr'>calori</span> <span class='ocrx_word' id='word_1_394' title='bbox 1925 4092 1987 4133; x_wconf 89' lang='lat' dir='ltr'>oot-</span> 
     </span>
     <span class='ocr_line' id='line_1_39' title="bbox 590 4148 1988 4294; baseline 0.003 -83"><span class='ocrx_word' id='word_1_395' title='bbox 590 4151 637 4228; x_wconf 83' lang='lat' dir='ltr'>(is</span> <span class='ocrx_word' id='word_1_396' title='bbox 652 4151 871 4294; x_wconf 69' lang='lat' dir='ltr'>nempegradus</span> <span class='ocrx_word' id='word_1_397' title='bbox 887 4148 1065 4233; x_wconf 80' lang='lat' dir='ltr'>frigorisque</span> <span class='ocrx_word' id='word_1_398' title='bbox 1082 4172 1152 4229; x_wconf 80' lang='lat' dir='ltr'>aqua</span> <span class='ocrx_word' id='word_1_399' title='bbox 1161 4151 1260 4230; x_wconf 88' lang='lat' dir='ltr'>incipit</span> <span class='ocrx_word' id='word_1_400' title='bbox 1317 4151 1392 4232; x_wconf 83' lang='lat' dir='ltr'>poris</span> <span class='ocrx_word' id='word_1_401' title='bbox 1410 4153 1543 4225; x_wconf 77' lang='lat' dir='ltr'>hunrani5</span> <span class='ocrx_word' id='word_1_402' title='bbox 1565 4153 1630 4215; x_wconf 90' lang='lat' dir='ltr'>hinc</span> <span class='ocrx_word' id='word_1_403' title='bbox 1647 4155 1754 4217; x_wconf 75' lang='lat' dir='ltr'>calores</span> <span class='ocrx_word' id='word_1_404' title='bbox 1772 4175 1870 4216; x_wconf 90' lang='lat' dir='ltr'>omnes</span> <span class='ocrx_word' id='word_1_405' title='bbox 1891 4153 1988 4231; x_wconf 86' lang='lat' dir='ltr'>quibus</span> 
     </span>
     <span class='ocr_line' id='line_1_40' title="bbox 589 4231 1988 4315; baseline 0 -21"><span class='ocrx_word' id='word_1_406' title='bbox 589 4233 754 4314; x_wconf 79' lang='lat' dir='ltr'>rigescere)</span> <span class='ocrx_word' id='word_1_407' title='bbox 786 4233 841 4294; x_wconf 84' lang='lat' dir='ltr'>tad</span> <span class='ocrx_word' id='word_1_408' title='bbox 859 4231 1007 4296; x_wconf 84' lang='lat' dir='ltr'>arbitrium</span> <span class='ocrx_word' id='word_1_409' title='bbox 1017 4233 1163 4312; x_wconf 84' lang='lat' dir='ltr'>assumptus</span> <span class='ocrx_word' id='word_1_410' title='bbox 1173 4233 1261 4304; x_wconf 66' lang='lat' dir='ltr'>rcum</span> <span class='ocrx_word' id='word_1_411' title='bbox 1317 4253 1393 4305; x_wconf 87' lang='lat' dir='ltr'>cera,</span> <span class='ocrx_word' id='word_1_412' title='bbox 1404 4236 1585 4306; x_wconf 88' lang='lat' dir='ltr'>bisrnuthum,</span> <span class='ocrx_word' id='word_1_413' title='bbox 1596 4237 1732 4299; x_wconf 83' lang='lat' dir='ltr'>stamnum</span> <span class='ocrx_word' id='word_1_414' title='bbox 1737 4237 1912 4315; x_wconf 64' lang='lat' dir='ltr'>,plumbum</span> <span class='ocrx_word' id='word_1_415' title='bbox 1929 4235 1988 4296; x_wconf 86' lang='lat' dir='ltr'>lle-</span> 
     </span>
     <span class='ocr_line' id='line_1_41' title="bbox 590 4312 1987 4398; baseline 0.004 -28"><span class='ocrx_word' id='word_1_416' title='bbox 590 4333 625 4373; x_wconf 80' lang='lat' dir='ltr'>er</span> <span class='ocrx_word' id='word_1_417' title='bbox 637 4315 786 4380; x_wconf 76' lang='lat' dir='ltr'>rarefatrio</span> <span class='ocrx_word' id='word_1_418' title='bbox 806 4312 945 4376; x_wconf 87' lang='lat' dir='ltr'>numerari</span> <span class='ocrx_word' id='word_1_419' title='bbox 964 4314 1100 4376; x_wconf 79' lang='lat' dir='ltr'>debuisset</span> <span class='ocrx_word' id='word_1_420' title='bbox 1121 4317 1156 4376; x_wconf 80' lang='lat' dir='ltr'>ab</span> <span class='ocrx_word' id='word_1_421' title='bbox 1180 4315 1261 4378; x_wconf 88' lang='lat' dir='ltr'>nbso-</span> <span class='ocrx_word' id='word_1_422' title='bbox 1291 4383 1301 4396; x_wconf 37' lang='lat'>⁸</span> <span class='ocrx_word' id='word_1_423' title='bbox 1318 4318 1397 4398; x_wconf 85' lang='lat' dir='ltr'>gulus</span> <span class='ocrx_word' id='word_1_424' title='bbox 1407 4316 1492 4386; x_wconf 83' lang='lat' dir='ltr'>stibii,</span> <span class='ocrx_word' id='word_1_425' title='bbox 1502 4318 1745 4396; x_wconf 85' lang='lat' dir='ltr'>eorumquevariae</span> <span class='ocrx_word' id='word_1_426' title='bbox 1755 4315 1874 4378; x_wconf 82' lang='lat' dir='ltr'>miscelae</span> <span class='ocrx_word' id='word_1_427' title='bbox 1884 4315 1987 4395; x_wconf 82' lang='lat' dir='ltr'>liques·</span> 
     </span>
     <span class='ocr_line' id='line_1_42' title="bbox 588 4393 1988 4479; baseline 0.003 -25"><span class='ocrx_word' id='word_1_428' title='bbox 588 4393 651 4458; x_wconf 89' lang='lat' dir='ltr'>luto</span> <span class='ocrx_word' id='word_1_429' title='bbox 662 4397 779 4478; x_wconf 83' lang='lat' dir='ltr'>frigore,</span> <span class='ocrx_word' id='word_1_430' title='bbox 790 4417 826 4461; x_wconf 89' lang='lat' dir='ltr'>eo</span> <span class='ocrx_word' id='word_1_431' title='bbox 840 4395 1263 4479; x_wconf 84' lang='lat' dir='ltr'>nempufrigoris&amp;graduquo</span> <span class='ocrx_word' id='word_1_432' title='bbox 1319 4413 1394 4468; x_wconf 90' lang='lat' dir='ltr'>cunt,</span> <span class='ocrx_word' id='word_1_433' title='bbox 1403 4397 1562 4470; x_wconf 81' lang='lat' dir='ltr'>innotuere,</span> <span class='ocrx_word' id='word_1_434' title='bbox 1571 4400 1626 4463; x_wconf 78' lang='lat' dir='ltr'>lire</span> <span class='ocrx_word' id='word_1_435' title='bbox 1637 4419 1734 4464; x_wconf 87' lang='lat' dir='ltr'>eorum</span> <span class='ocrx_word' id='word_1_436' title='bbox 1743 4399 1988 4461; x_wconf 78' lang='lat' dir='ltr'>Geometricaera·</span> 
     </span>
     <span class='ocr_line' id='line_1_43' title="bbox 585 4477 1990 4560; baseline 0.005 -25"><span class='ocrx_word' id='word_1_437' title='bbox 585 4494 681 4554; x_wconf 80' lang='lat' dir='ltr'>partes</span> <span class='ocrx_word' id='word_1_438' title='bbox 698 4478 755 4540; x_wconf 90' lang='lat' dir='ltr'>ulei</span> <span class='ocrx_word' id='word_1_439' title='bbox 777 4480 882 4540; x_wconf 81' lang='lat' dir='ltr'>nullam</span> <span class='ocrx_word' id='word_1_440' title='bbox 897 4478 1067 4556; x_wconf 73' lang='lat' dir='ltr'>,ulteriorem</span> <span class='ocrx_word' id='word_1_441' title='bbox 1083 4479 1261 4560; x_wconf 82' lang='lat' dir='ltr'>compreffio·</span> <span class='ocrx_word' id='word_1_442' title='bbox 1319 4477 1420 4552; x_wconf 87' lang='lat' dir='ltr'>tiones,</span> <span class='ocrx_word' id='word_1_443' title='bbox 1431 4479 1551 4557; x_wconf 82' lang='lat' dir='ltr'>clrnrque</span> <span class='ocrx_word' id='word_1_444' title='bbox 1568 4484 1674 4546; x_wconf 82' lang='lat' dir='ltr'>calores</span> <span class='ocrx_word' id='word_1_445' title='bbox 1682 4481 1721 4543; x_wconf 81' lang='lat' dir='ltr'>ita</span> <span class='ocrx_word' id='word_1_446' title='bbox 1738 4479 1843 4544; x_wconf 83' lang='lat' dir='ltr'>inuenti</span> <span class='ocrx_word' id='word_1_447' title='bbox 1855 4481 1990 4542; x_wconf 81' lang='lat' dir='ltr'>eamdem</span> 
     </span>
     <span class='ocr_line' id='line_1_44' title="bbox 593 4559 1990 4642; baseline 0.006 -26"><span class='ocrx_word' id='word_1_448' title='bbox 593 4575 661 4618; x_wconf 84' lang='lat' dir='ltr'>nent</span> <span class='ocrx_word' id='word_1_449' title='bbox 680 4579 729 4638; x_wconf 90' lang='lat' dir='ltr'>per</span> <span class='ocrx_word' id='word_1_450' title='bbox 753 4559 813 4620; x_wconf 86' lang='lat' dir='ltr'>vinr</span> <span class='ocrx_word' id='word_1_451' title='bbox 839 4561 952 4642; x_wconf 83' lang='lat' dir='ltr'>frigoris</span> <span class='ocrx_word' id='word_1_452' title='bbox 971 4561 1029 4639; x_wconf 88' lang='lat' dir='ltr'>pati</span> <span class='ocrx_word' id='word_1_453' title='bbox 1053 4562 1178 4637; x_wconf 70' lang='lat' dir='ltr'>pollent,</span> <span class='ocrx_word' id='word_1_454' title='bbox 1212 4559 1261 4640; x_wconf 87' lang='lat' dir='ltr'>qui</span> <span class='ocrx_word' id='word_1_455' title='bbox 1319 4561 1470 4622; x_wconf 82' lang='lat' dir='ltr'>habuerint</span> <span class='ocrx_word' id='word_1_456' title='bbox 1480 4561 1554 4624; x_wconf 88' lang='lat' dir='ltr'>inter</span> <span class='ocrx_word' id='word_1_457' title='bbox 1569 4563 1597 4624; x_wconf 85' lang='lat' dir='ltr'>se</span> <span class='ocrx_word' id='word_1_458' title='bbox 1615 4563 1755 4628; x_wconf 82' lang='lat' dir='ltr'>rationem</span> <span class='ocrx_word' id='word_1_459' title='bbox 1767 4583 1831 4624; x_wconf 87' lang='lat' dir='ltr'>curn</span> <span class='ocrx_word' id='word_1_460' title='bbox 1849 4562 1990 4626; x_wconf 79' lang='lat' dir='ltr'>caloribus</span> 
     </span>
     <span class='ocr_line' id='line_1_45' title="bbox 593 4640 1988 4780; baseline 0.004 -80"><span class='ocrx_word' id='word_1_461' title='bbox 593 4640 693 4780; x_wconf 66' lang='lat' dir='ltr'>gradus</span> <span class='ocrx_word' id='word_1_462' title='bbox 706 4641 744 4702; x_wconf 87' lang='lat' dir='ltr'>est</span> <span class='ocrx_word' id='word_1_463' title='bbox 759 4641 887 4721; x_wconf 70' lang='lat' dir='ltr'>ignotuss</span> <span class='ocrx_word' id='word_1_464' title='bbox 908 4645 947 4703; x_wconf 82' lang='lat' dir='ltr'>At</span> <span class='ocrx_word' id='word_1_465' title='bbox 964 4644 1042 4720; x_wconf 80' lang='lat' dir='ltr'>hujus</span> <span class='ocrx_word' id='word_1_466' title='bbox 1054 4643 1182 4702; x_wconf 81' lang='lat' dir='ltr'>Tabellae</span> <span class='ocrx_word' id='word_1_467' title='bbox 1194 4661 1263 4704; x_wconf 89' lang='lat' dir='ltr'>con·</span> <span class='ocrx_word' id='word_1_468' title='bbox 1320 4663 1370 4723; x_wconf 88' lang='lat' dir='ltr'>per</span> <span class='ocrx_word' id='word_1_469' title='bbox 1390 4645 1643 4708; x_wconf 87' lang='lat' dir='ltr'>Thermometrum</span> <span class='ocrx_word' id='word_1_470' title='bbox 1660 4645 1779 4706; x_wconf 87' lang='lat' dir='ltr'>inventis</span> <span class='ocrx_word' id='word_1_471' title='bbox 1796 4684 1806 4715; x_wconf 86' lang='lat'>,</span> <span class='ocrx_word' id='word_1_472' title='bbox 1838 4663 1988 4724; x_wconf 79' lang='lat' dir='ltr'>propterea</span> 
     </span>
     <span class='ocr_line' id='line_1_46' title="bbox 617 4721 1989 4802; baseline 0.007 -22"><span class='ocrx_word' id='word_1_473' title='bbox 617 4721 705 4782; x_wconf 74' lang='lat' dir='ltr'>rutlio</span> <span class='ocrx_word' id='word_1_474' title='bbox 714 4762 725 4794; x_wconf 81' lang='lat'><em>,</em></span> <span class='ocrx_word' id='word_1_475' title='bbox 745 4721 890 4800; x_wconf 75' lang='lat' dir='ltr'>ingeniose</span> <span class='ocrx_word' id='word_1_476' title='bbox 902 4722 1148 4782; x_wconf 80' lang='lat' dir='ltr'>demonstratureb</span> <span class='ocrx_word' id='word_1_477' title='bbox 1158 4723 1264 4784; x_wconf 89' lang='lat' dir='ltr'>eodem</span> <span class='ocrx_word' id='word_1_478' title='bbox 1322 4724 1397 4786; x_wconf 75' lang='lat' dir='ltr'>redd</span> <span class='ocrx_word' id='word_1_479' title='bbox 1413 4723 1575 4802; x_wconf 79' lang='lat' dir='ltr'>assumptum</span> <span class='ocrx_word' id='word_1_480' title='bbox 1595 4727 1677 4797; x_wconf 87' lang='lat' dir='ltr'>suit,</span> <span class='ocrx_word' id='word_1_481' title='bbox 1717 4727 1912 4790; x_wconf 78' lang='lat' dir='ltr'>raresrttioner</span> <span class='ocrx_word' id='word_1_482' title='bbox 1928 4723 1989 4792; x_wconf 83' lang='lat' dir='ltr'>olei</span> 
     </span>
    </p>
   </div>
   <div class='ocr_carea' id='block_1_6' title="bbox 594 4801 1857 4894">
    <p class='ocr_par' dir='ltr' id='par_1_7' title="bbox 594 4801 1857 4894">
     <span class='ocr_line' id='line_1_47' title="bbox 594 4801 1857 4894; baseline 0.006 -28"><span class='ocrx_word' id='word_1_483' title='bbox 594 4805 702 4869; x_wconf 68' lang='lat' dir='ltr'>nuere</span> <span class='ocrx_word' id='word_1_484' title='bbox 710 4824 759 4885; x_wconf 86' lang='lat' dir='ltr'>per</span> <span class='ocrx_word' id='word_1_485' title='bbox 769 4801 835 4865; x_wconf 83' lang='lat' dir='ltr'>serti</span> <span class='ocrx_word' id='word_1_486' title='bbox 844 4803 985 4868; x_wconf 79' lang='lat' dir='ltr'>candentis</span> <span class='ocrx_word' id='word_1_487' title='bbox 1002 4801 1266 4886; x_wconf 62' lang='lat' dir='ltr'>refrigerationem</span> <span class='ocrx_word' id='word_1_488' title='bbox 1323 4804 1382 4890; x_wconf 67' lang='lat' dir='ltr'>ipss</span> <span class='ocrx_word' id='word_1_489' title='bbox 1402 4806 1540 4873; x_wconf 81' lang='lat' dir='ltr'>caloribus</span> <span class='ocrx_word' id='word_1_490' title='bbox 1556 4809 1608 4871; x_wconf 83' lang='lat' dir='ltr'>ell&#39;e</span> <span class='ocrx_word' id='word_1_491' title='bbox 1625 4808 1857 4894; x_wconf 68' lang='lat' dir='ltr'>proportionales,</span> 
     </span>
    </p>
   </div>
   <div class='ocr_carea' id='block_1_7' title="bbox 0 0 2210 5718">
    <p class='ocr_par' dir='ltr' id='par_1_8' title="bbox 0 0 2210 5718">
     <span class='ocr_line' id='line_1_48' title="bbox 0 0 2210 5718; baseline 0 0"><span class='ocrx_word' id='word_1_492' title='bbox 0 0 2210 5718; x_wconf 95' lang='lat' dir='ltr'> </span> 
     </span>
    </p>
   </div>
  </div>
 </body>
</html>
