4406 5718
443 343 797 468 Premente
848 349 1395 472 Mannann‘rmn.
1562 383 1596 520 ς

630 611 1026 713 REGU‘LA
1084 617 1177 716 tv'.
1273 631 1276 640 “

1606 565 1615 578 .
1630 521 1677 580 Lr
1688 537 1761 584 aaa

1611 600 1757 669 terreos.

208 865 253 958 In
282 853 498 977 Philosophici
532 821 835 976 experimentum
868 862 1098 978 propofitiontt
1122 893 1184 946 erc»
1189 863 1424 978 phoenomenis
1447 893 1513 982 per
1540 869 1597 952 iet-¹
1662 857 1665 862 ¹
1732 924 1735 934 «

265 979 463 1060 duilionem
491 977 670 1073 utilene,
714 1010 780 1062 non
800 975 1015 1087 obstantibus
1036 986 1221 1064 contrariis
1247 981 1496 1094 hy'pethefibns,
1532 1015 1595 1099 pro

155 1119 158 1126 ·
260 1098 359 1176 veris
385 1115 450 1175 ant
480 1094 645 1176 uccnritti
665 1119 730 1176 ant
751 1094 1015 1210 quamproximi
1035 1096 1166 1178 'haberi
1189 1097 1353 1191 debent,
1395 1099 1501 1182 donec
1517 1100 1596 1183 alia

198 1277 201 1283 .
259 1214 472 1294 occurrerint
498 1208 746 1322 plenemena,
769 1238 832 1325 per
854 1239 933 1324 qnae
961 1220 1286 1298 nntnccnratiores
1306 1213 1503 1299 reddantur
1529 1239 1594 1300 ant

262 1324 518 1438 exceptionibus
547 1325 717 1410 obnoxia.

198 1540 279 1754 ht
295 1573 310 1611 ⁰
325 1565 355 1752 p
373 1551 469 1750 plot:
487 1547 572 1637 fieri
598 1549 715 1638 debet
738 1583 789 1640 ne
811 1575 1082 1664 argumentum
1097 1539 1333 1648 induilionio
1354 1554 1591 1679 tollaturper

231 1692 328 1785 ypot
341 1697 380 1752 te
396 1697 450 1755 es.

245 1945 353 2024 (e)*
378 1952 438 2007 Hor
448 1947 514 2032 ficei
534 1953 612 2015 deber.
641 1955 721 2012 Hanc
737 1949 864 2034 regulam
921 1952 970 2015 das
987 1949 1075 2014 modo
1094 1947 1312 2013 demonstrativo
1335 1950 1519 2018 conclusiones
1535 1956 1589 2034 ge—
1699 1973 1709 2015 t

201 2029 235 2090 in
261 2027 449 2105 questionibus
477 2031 576 2112 opticie
608 2035 663 2094 hoc
687 2033 746 2096 ferd
777 2034 865 2096 medo
922 2035 1029 2094 neraler
1049 2031 1110 2092 satis
1136 2051 1191 2093 non
1215 2029 1293 2103 lint,
1316 2032 1364 2093 hic
1382 2048 1477 2098 tamen
1497 2039 1586 2096 ratio·

198 2110 313 2190 exponit
324 2112 506 2174 Navronus.
533 2117 566 2174 ln
578 2114 697 2194 Phyficis
717 2135 773 2176 non
790 2114 865 2174 secus
921 2113 1034 2176 circandi
1062 2111 1163 2173 modun
1187 2111 1227 2172 est
1246 2111 1373 2174 omnium
1395 2135 1463 2191 quos
1491 2133 1587 2176 rtrum

195 2193 276 2252 acin
297 2193 506 2254 Mathematicis
527 2195 675 2266 Scientiis,
696 2197 731 2256 ad
753 2195 862 2254 reedif—
922 2213 1020 2256 natura
1047 2192 1196 2254 admittere
1220 2195 1297 2270 poffit
1321 2195 1469 2274 optimus,
1507 2194 1584 2272 isque

193 2269 283 2333 fieilet
324 2271 500 2349 inquirendas
538 2278 685 2338 methodus
724 2275 862 2354 analytica
916 2276 955 2336 'ed
987 2271 1072 2336 lurion
1099 2272 1219 2352 reputati
1238 2274 1322 2334 debet
1344 2275 1399 2352 qud
1426 2278 1585 2358 generalior

190 2353 273 2432 pride
290 2353 328 2413 cst
348 2353 501 2430 usurpanda
520 2362 605 2432 qulam
628 2357 782 2436 synthetlca
801 2377 861 2416 ma·
918 2357 957 2417 ast
979 2353 1123 2422 indudliot
1151 2353 1182 2412 Si
1208 2371 1299 2438 autem
1319 2358 1393 2416 nulla
1413 2363 1588 2495 repupnave'·

192 2436 296 2496 rhodus
317 2434 347 2492 in
362 2435 499 2496 auxilium
519 2457 643 2500 vocetur.
684 2441 749 2498 llaec
769 2437 861 2515 prima
918 2437 973 2497 rint
990 2441 1184 2513 phaenomena,
1200 2436 1363 2514 generalem
1383 2439 1481 2497 conclu
1490 2457 1584 2498 tonent

194 2517 347 2576 methodus
369 2513 398 2573 in
414 2534 450 2577 eo
466 2513 552 2596 polita
573 2518 610 2578 ell
629 2539 658 2578 ut
676 2518 861 2578 adhibeantur
918 2517 1057 2578 deducere
1075 2512 1180 2574 licebit.
1211 2513 1260 2572 Sin
1278 2516 1347 2576 vero
1364 2517 1493 2594 deincepe
1514 2535 1584 2578 con·

188 2596 389 2672 'experimenta
414 2598 495 2674 atqud
519 2598 722 2660 observationes
742 2617 777 2656 ex
798 2598 860 2674 qui·
917 2595 1001 2658 traria
1029 2611 1173 2657 occurrant
1193 2593 1393 2669 phaenomena,
1414 2595 1584 2676 exceptioni-

191 2677 243 2735 bus
268 2677 369 2738 deinde
388 2696 437 2756 per
464 2678 656 2741 inductionem
675 2677 859 2740 conclufiones
916 2678 967 2737 bus
995 2675 1147 2737 neceffariie
1172 2669 1318 2735 limitanda
1346 2677 1400 2737 erit
1423 2679 1505 2754 atque
1529 2675 1585 2738 res·

192 2760 336 2837 generales
353 2759 532 2830 deducantur,
548 2783 603 2822 non
615 2760 858 2821 obstantibutcon·
917 2757 1064 2840 tringenda
1086 2752 1231 2818 concludo.
1265 2758 1351 2834 Hujus
1369 2759 1510 2838 analyscoe
1535 2779 1585 2820 au·

191 2839 284 2898 trariis
299 2837 517 2918 hypothestbus,
546 2841 594 2900 nili
605 2861 651 2902 eae
664 2841 757 2918 aliquo
774 2859 857 2917 expe·
916 2839 986 2901 xilio
1004 2843 1021 2899 ὲ
1038 2833 1194 2917 compofitie
1213 2836 1248 2895 ad
1264 2836 1397 2917 simplicia
1418 2877 1429 2908 ,
1455 2844 1473 2900 a
1497 2839 1582 2902 moti·

193 2916 318 2978 rimento
346 2935 392 2977 aut
416 2924 489 2980 certa
515 2920 605 2998 aliqud
632 2922 749 2982 veritate
779 2921 855 2980 nixas
915 2921 964 2981 bus
980 2919 1016 2980 ad
1025 2918 1097 2978 vires
1111 2915 1290 2996 producentes
1301 2957 1311 2988 ,
1327 2921 1357 2979 &
1377 2919 1535 3000 generatim
1545 2921 1582 2982 ab

195 2997 251 3056 elle
274 2995 431 3078 contigerit.
476 3000 554 3059 Nam
583 3002 658 3078 quod
688 3001 856 3080 hypotheses
911 3000 1053 3061 offedlibue
1072 2998 1108 3058 ad
1132 3015 1231 3058 eorum
1251 2999 1341 3059 causas
1369 3000 1508 3078 perveniri
1529 3021 1581 3078 po-

191 3077 298 3154 spedlat
307 3118 319 3148 ‚
338 3098 378 3136 eae
396 3078 424 3139 iu
445 3078 623 3161 Philosophia
644 3081 856 3160 experimentali
912 3081 972 3141 test.
1012 3080 1096 3152 Quod
1127 3079 1163 3138 ad
1185 3075 1332 3155 synthefim
1349 3077 1491 3160 pertinet,
1520 3084 1579 3146 haec

189 3159 286 3218 locum
307 3160 411 3220 habere
426 3181 481 3220 non
503 3161 615 3223 debent.
658 3161 793 3235 Quamvis
810 3181 855 3222 ra·
912 3161 1002 3222 musas
1029 3159 1154 3241 cognitas
1189 3161 1270 3237 atque
1290 3162 1418 3241 probatae
1444 3177 1576 3240 tanquam

187 3239 305 3299 tiocinia
324 3241 359 3300 ab
388 3239 585 3318 experimentis
608 3246 640 3306 8(
655 3241 855 3305 observationi·
910 3239 1047 3322 principia
1069 3239 1179 3302 allumit
1208 3259 1326 3318 quorum
1345 3261 1399 3325 ope
1418 3244 1579 3324 phanone:

187 3321 240 3381 bus
257 3339 306 3401 per
324 3321 517 3386 latratorem
534 3323 653 3388 deducta
665 3326 701 3386 ad
712 3323 867 3388 stabilient-⁴
912 3346 948 3386 na
967 3323 1034 3390 iude
1057 3339 1124 3387 nota
1142 3323 1324 3399 expleamus.
