<?xml version="1.0" encoding="UTF-8"?>
<!DOCTYPE html PUBLIC "-//W3C//DTD XHTML 1.0 Transitional//EN"
    "http://www.w3.org/TR/xhtml1/DTD/xhtml1-transitional.dtd">
<html xmlns="http://www.w3.org/1999/xhtml" xml:lang="en" lang="en">
 <head>
  <title>
</title>
<meta http-equiv="Content-Type" content="text/html;charset=utf-8" />
  <meta name='ocr-system' content='tesseract 3.04.00' />
  <meta name='ocr-capabilities' content='ocr_page ocr_carea ocr_par ocr_line ocrx_word'/>
</head>
<body>
  <div class='ocr_page' id='page_1' title='image "./philosophiaenat01eulegoog_0330.png"; bbox 0 0 4444 5718; ppageno 0'>
   <div class='ocr_carea' id='block_1_1' title="bbox 378 297 1650 430">
    <p class='ocr_par' dir='ltr' id='par_1_1' title="bbox 378 297 1650 430">
     <span class='ocr_line' id='line_1_1' title="bbox 378 297 1650 430; baseline 0.03 -46"><span class='ocrx_word' id='word_1_1' title='bbox 378 297 651 416; x_wconf 63' lang='lat' dir='ltr'><strong>suvant</strong></span> <span class='ocrx_word' id='word_1_2' title='bbox 701 341 774 398; x_wconf 77' lang='lat' dir='ltr'><strong>ac</strong></span> <span class='ocrx_word' id='word_1_3' title='bbox 824 319 1195 410; x_wconf 73' lang='lat' dir='ltr'><strong>Rarnvxvs</strong></span> <span class='ocrx_word' id='word_1_4' title='bbox 1248 321 1491 405; x_wconf 74' lang='lat' dir='ltr'><strong>Mttte.</strong></span> <span class='ocrx_word' id='word_1_5' title='bbox 1577 330 1650 430; x_wconf 70' lang='lat'><strong>289</strong></span> 
     </span>
    </p>
   </div>
   <div class='ocr_carea' id='block_1_2' title="bbox 165 447 1877 4662">
    <p class='ocr_par' dir='ltr' id='par_1_2' title="bbox 281 447 1794 572">
     <span class='ocr_line' id='line_1_2' title="bbox 281 447 1794 572; baseline 0.005 -28"><span class='ocrx_word' id='word_1_6' title='bbox 281 447 288 458; x_wconf 60' lang='grc'><strong><em>’</em></strong></span> <span class='ocrx_word' id='word_1_7' title='bbox 316 450 725 568; x_wconf 69' lang='lat' dir='ltr'><strong>§·11·‚Quaestioigitut</strong></span> <span class='ocrx_word' id='word_1_8' title='bbox 747 471 792 543; x_wconf 93' lang='lat' dir='ltr'><strong>de</strong></span> <span class='ocrx_word' id='word_1_9' title='bbox 813 469 909 546; x_wconf 73' lang='lat' dir='ltr'><strong>causa</strong></span> <span class='ocrx_word' id='word_1_10' title='bbox 930 467 1053 546; x_wconf 73' lang='lat' dir='ltr'><strong>Fluviis</strong></span> <span class='ocrx_word' id='word_1_11' title='bbox 1080 493 1120 544; x_wconf 92' lang='lat' dir='ltr'><strong>ac</strong></span> <span class='ocrx_word' id='word_1_12' title='bbox 1134 468 1294 546; x_wconf 75' lang='lat' dir='ltr'><strong>Refluxits</strong></span> <span class='ocrx_word' id='word_1_13' title='bbox 1320 467 1449 568; x_wconf 87' lang='lat' dir='ltr'><strong>Maris,</strong></span> <span class='ocrx_word' id='word_1_14' title='bbox 1473 474 1584 566; x_wconf 87' lang='lat' dir='ltr'><strong>prouti</strong></span> <span class='ocrx_word' id='word_1_15' title='bbox 1614 501 1654 556; x_wconf 90' lang='lat' dir='ltr'><strong>ea</strong></span> <span class='ocrx_word' id='word_1_16' title='bbox 1688 493 1717 570; x_wconf 80' lang='lat' dir='ltr'><strong>c</strong></span> <span class='ocrx_word' id='word_1_17' title='bbox 1734 518 1794 572; x_wconf 67' lang='lat' dir='ltr'><strong>,p</strong></span> 
     </span>
    </p>

    <p class='ocr_par' dir='ltr' id='par_1_3' title="bbox 267 551 1877 763">
     <span class='ocr_line' id='line_1_3' title="bbox 267 551 1877 670; baseline 0.011 -40"><span class='ocrx_word' id='word_1_18' title='bbox 267 555 311 669; x_wconf 82' lang='lat' dir='ltr'><strong>ab</strong></span> <span class='ocrx_word' id='word_1_19' title='bbox 340 551 555 632; x_wconf 72' lang='lat' dir='ltr'><strong>Illustrtffima</strong></span> <span class='ocrx_word' id='word_1_20' title='bbox 573 559 755 640; x_wconf 71' lang='lat' dir='ltr'><strong>Academia</strong></span> <span class='ocrx_word' id='word_1_21' title='bbox 780 565 891 662; x_wconf 81' lang='lat' dir='ltr'><strong>Regirl</strong></span> <span class='ocrx_word' id='word_1_22' title='bbox 913 568 963 642; x_wconf 89' lang='lat' dir='ltr'><strong>est</strong></span> <span class='ocrx_word' id='word_1_23' title='bbox 986 566 1174 664; x_wconf 81' lang='lat' dir='ltr'><strong>propolim,</strong></span> <span class='ocrx_word' id='word_1_24' title='bbox 1195 569 1237 642; x_wconf 89' lang='lat' dir='ltr'><strong>ad</strong></span> <span class='ocrx_word' id='word_1_25' title='bbox 1264 571 1349 643; x_wconf 87' lang='lat' dir='ltr'><strong>itanc</strong></span> <span class='ocrx_word' id='word_1_26' title='bbox 1369 569 1544 646; x_wconf 80' lang='lat' dir='ltr'>deducitur</span> <span class='ocrx_word' id='word_1_27' title='bbox 1564 598 1654 670; x_wconf 80' lang='lat' dir='ltr'><strong>quae·</strong></span> <span class='ocrx_word' id='word_1_28' title='bbox 1736 592 1761 669; x_wconf 72' lang='lat'><strong>1,</strong></span> <span class='ocrx_word' id='word_1_29' title='bbox 1799 555 1806 576; x_wconf 70' lang='grc'><strong>’</strong></span> <span class='ocrx_word' id='word_1_30' title='bbox 1874 585 1877 588; x_wconf 82' lang='grc'><strong>’</strong></span> 
     </span>
     <span class='ocr_line' id='line_1_4' title="bbox 267 647 1655 763; baseline 0.012 -35"><span class='ocrx_word' id='word_1_31' title='bbox 267 647 435 734; x_wconf 79' lang='lat' dir='ltr'><strong>sizonem,</strong></span> <span class='ocrx_word' id='word_1_32' title='bbox 466 671 500 732; x_wconf 90' lang='lat' dir='ltr'><strong>ut</strong></span> <span class='ocrx_word' id='word_1_33' title='bbox 516 659 665 735; x_wconf 78' lang='lat' dir='ltr'><strong>binarum</strong></span> <span class='ocrx_word' id='word_1_34' title='bbox 688 661 812 738; x_wconf 88' lang='lat' dir='ltr'><strong>illarum</strong></span> <span class='ocrx_word' id='word_1_35' title='bbox 832 665 971 742; x_wconf 83' lang='lat' dir='ltr'><strong>virium,</strong></span> <span class='ocrx_word' id='word_1_36' title='bbox 1014 665 1131 760; x_wconf 76' lang='lat' dir='ltr'><strong>quibus</strong></span> <span class='ocrx_word' id='word_1_37' title='bbox 1153 665 1288 760; x_wconf 74' lang='lat' dir='ltr'><strong>singulae</strong></span> <span class='ocrx_word' id='word_1_38' title='bbox 1306 666 1427 741; x_wconf 83' lang='lat' dir='ltr'><strong>Terrae</strong></span> <span class='ocrx_word' id='word_1_39' title='bbox 1448 686 1556 763; x_wconf 87' lang='lat' dir='ltr'><strong>partes</strong></span> <span class='ocrx_word' id='word_1_40' title='bbox 1580 669 1655 746; x_wconf 80' lang='lat' dir='ltr'><strong>clim</strong></span> 
     </span>
    </p>

    <p class='ocr_par' dir='ltr' id='par_1_4' title="bbox 266 751 1656 868">
     <span class='ocr_line' id='line_1_5' title="bbox 266 751 1656 868; baseline 0.011 -42"><span class='ocrx_word' id='word_1_41' title='bbox 266 751 311 868; x_wconf 72' lang='lat' dir='ltr'><strong>ad</strong></span> <span class='ocrx_word' id='word_1_42' title='bbox 329 753 440 859; x_wconf 75' lang='lat' dir='ltr'><strong>Solem</strong></span> <span class='ocrx_word' id='word_1_43' title='bbox 453 751 521 828; x_wconf 82' lang='lat' dir='ltr'><strong>ttlm</strong></span> <span class='ocrx_word' id='word_1_44' title='bbox 539 759 582 832; x_wconf 84' lang='lat' dir='ltr'><strong>ad</strong></span> <span class='ocrx_word' id='word_1_45' title='bbox 602 757 727 836; x_wconf 84' lang='lat' dir='ltr'><strong>Lunam</strong></span> <span class='ocrx_word' id='word_1_46' title='bbox 743 763 901 858; x_wconf 80' lang='lat' dir='ltr'><strong>perpetui)</strong></span> <span class='ocrx_word' id='word_1_47' title='bbox 917 781 1095 860; x_wconf 79' lang='lat' dir='ltr'><strong>urgentur,</strong></span> <span class='ocrx_word' id='word_1_48' title='bbox 1125 761 1269 859; x_wconf 88' lang='lat' dir='ltr'><strong>idquein</strong></span> <span class='ocrx_word' id='word_1_49' title='bbox 1285 764 1401 838; x_wconf 60' lang='lat' dir='ltr'><strong>distet*</strong></span> <span class='ocrx_word' id='word_1_50' title='bbox 1413 792 1511 864; x_wconf 69' lang='lat' dir='ltr'><strong>arum</strong></span> <span class='ocrx_word' id='word_1_51' title='bbox 1529 767 1656 842; x_wconf 86' lang='lat' dir='ltr'><strong>ratione</strong></span> 
     </span>
    </p>

    <p class='ocr_par' dir='ltr' id='par_1_5' title="bbox 267 855 1757 1061">
     <span class='ocr_line' id='line_1_6' title="bbox 267 855 1757 958; baseline 0.01 -35"><span class='ocrx_word' id='word_1_52' title='bbox 267 857 444 943; x_wconf 67' lang='lat' dir='ltr'><strong>reciproca</strong></span> <span class='ocrx_word' id='word_1_53' title='bbox 463 855 654 952; x_wconf 71' lang='lat' dir='ltr'><strong>duplicati,</strong></span> <span class='ocrx_word' id='word_1_54' title='bbox 684 864 779 935; x_wconf 87' lang='lat' dir='ltr'><strong>causa</strong></span> <span class='ocrx_word' id='word_1_55' title='bbox 803 857 1142 958; x_wconf 80' lang='lat' dir='ltr'><strong>affignetvrPhyfica.</strong></span> <span class='ocrx_word' id='word_1_56' title='bbox 1170 859 1233 958; x_wconf 48' lang='lat' dir='ltr'><strong>⁸litt</strong></span> <span class='ocrx_word' id='word_1_57' title='bbox 1252 883 1319 956; x_wconf 90' lang='lat' dir='ltr'><strong>quo</strong></span> <span class='ocrx_word' id='word_1_58' title='bbox 1343 863 1570 942; x_wconf 80' lang='lat' dir='ltr'><strong>traslationetu</strong></span> <span class='ocrx_word' id='word_1_59' title='bbox 1595 889 1658 938; x_wconf 89' lang='lat' dir='ltr'><strong>rto-</strong></span> <span class='ocrx_word' id='word_1_60' title='bbox 1723 859 1757 946; x_wconf 71' lang='lat' dir='ltr'><strong>&#39;s</strong></span> 
     </span>
     <span class='ocr_line' id='line_1_7' title="bbox 268 941 1659 1061; baseline 0.014 -41"><span class='ocrx_word' id='word_1_61' title='bbox 268 941 367 1061; x_wconf 70' lang='lat' dir='ltr'><strong>litant</strong></span> <span class='ocrx_word' id='word_1_62' title='bbox 390 951 577 1046; x_wconf 81' lang='lat' dir='ltr'>bipartitam</span> <span class='ocrx_word' id='word_1_63' title='bbox 596 956 657 1030; x_wconf 83' lang='lat' dir='ltr'><strong>esse</strong></span> <span class='ocrx_word' id='word_1_64' title='bbox 685 957 862 1052; x_wconf 77' lang='lat' dir='ltr'>oportebit.</span> <span class='ocrx_word' id='word_1_65' title='bbox 906 957 1017 1034; x_wconf 84' lang='lat' dir='ltr'><strong>Primb</strong></span> <span class='ocrx_word' id='word_1_66' title='bbox 1043 956 1166 1035; x_wconf 88' lang='lat' dir='ltr'><strong>scilicet</strong></span> <span class='ocrx_word' id='word_1_67' title='bbox 1195 982 1237 1034; x_wconf 85' lang='lat' dir='ltr'><strong>ex</strong></span> <span class='ocrx_word' id='word_1_68' title='bbox 1259 958 1425 1055; x_wconf 79' lang='lat' dir='ltr'><strong>principiis</strong></span> <span class='ocrx_word' id='word_1_69' title='bbox 1445 959 1659 1040; x_wconf 81' lang='lat' dir='ltr'><strong>Mecbanicis</strong></span> 
     </span>
    </p>

    <p class='ocr_par' dir='ltr' id='par_1_6' title="bbox 203 1045 1659 1158">
     <span class='ocr_line' id='line_1_8' title="bbox 203 1045 1659 1158; baseline 0.011 -40"><span class='ocrx_word' id='word_1_70' title='bbox 203 1074 213 1092; x_wconf 94' lang='lat'><strong>·</strong></span> <span class='ocrx_word' id='word_1_71' title='bbox 267 1045 412 1158; x_wconf 66' lang='lat' dir='ltr'><strong>dilucide</strong></span> <span class='ocrx_word' id='word_1_72' title='bbox 440 1050 503 1122; x_wconf 87' lang='lat' dir='ltr'><strong>erit</strong></span> <span class='ocrx_word' id='word_1_73' title='bbox 531 1053 773 1134; x_wconf 84' lang='lat' dir='ltr'><strong>ostendendum</strong></span> <span class='ocrx_word' id='word_1_74' title='bbox 792 1109 799 1137; x_wconf 85' lang='lat'>‚</span> <span class='ocrx_word' id='word_1_75' title='bbox 822 1055 947 1132; x_wconf 72' lang='lat' dir='ltr'><strong>abicis</strong></span> <span class='ocrx_word' id='word_1_76' title='bbox 970 1055 1033 1131; x_wconf 83' lang='lat' dir='ltr'><strong>illis</strong></span> <span class='ocrx_word' id='word_1_77' title='bbox 1057 1055 1183 1132; x_wconf 90' lang='lat' dir='ltr'><strong>viribus</strong></span> <span class='ocrx_word' id='word_1_78' title='bbox 1203 1055 1311 1132; x_wconf 87' lang='lat' dir='ltr'><strong>Solem</strong></span> <span class='ocrx_word' id='word_1_79' title='bbox 1345 1055 1540 1156; x_wconf 85' lang='lat' dir='ltr'><strong>Lunamque</strong></span> <span class='ocrx_word' id='word_1_80' title='bbox 1562 1059 1659 1154; x_wconf 86' lang='lat' dir='ltr'><strong>respi-</strong></span> 
     </span>
    </p>

    <p class='ocr_par' dir='ltr' id='par_1_7' title="bbox 240 1145 1772 2409">
     <span class='ocr_line' id='line_1_9' title="bbox 267 1145 1772 1255; baseline 0.013 -42"><span class='ocrx_word' id='word_1_81' title='bbox 267 1145 429 1255; x_wconf 75' lang='lat' dir='ltr'><strong>cientibus</strong></span> <span class='ocrx_word' id='word_1_82' title='bbox 448 1145 524 1226; x_wconf 79' lang='lat' dir='ltr'><strong>etim</strong></span> <span class='ocrx_word' id='word_1_83' title='bbox 548 1146 691 1234; x_wconf 80' lang='lat' dir='ltr'><strong>Flusutn</strong></span> <span class='ocrx_word' id='word_1_84' title='bbox 712 1151 944 1230; x_wconf 81' lang='lat' dir='ltr'><strong>aoRelluxum</strong></span> <span class='ocrx_word' id='word_1_85' title='bbox 966 1151 1074 1228; x_wconf 84' lang='lat' dir='ltr'><strong>Maris</strong></span> <span class='ocrx_word' id='word_1_86' title='bbox 1101 1152 1282 1245; x_wconf 78' lang='lat' dir='ltr'><strong>generatim</strong></span> <span class='ocrx_word' id='word_1_87' title='bbox 1310 1153 1389 1229; x_wconf 91' lang='lat' dir='ltr'><strong>oriri</strong></span> <span class='ocrx_word' id='word_1_88' title='bbox 1409 1157 1533 1232; x_wconf 90' lang='lat' dir='ltr'><strong>debere</strong></span> <span class='ocrx_word' id='word_1_89' title='bbox 1548 1197 1573 1236; x_wconf 82' lang='lat'><strong>,·</strong></span> <span class='ocrx_word' id='word_1_90' title='bbox 1588 1154 1657 1232; x_wconf 83' lang='lat' dir='ltr'><strong>tbm</strong></span> <span class='ocrx_word' id='word_1_91' title='bbox 1768 1179 1772 1188; x_wconf 93' lang='lat'><em>·</em></span> 
     </span>
     <span class='ocr_line' id='line_1_10' title="bbox 267 1242 1656 1344; baseline 0.012 -33"><span class='ocrx_word' id='word_1_92' title='bbox 267 1254 366 1314; x_wconf 90' lang='lat' dir='ltr'><strong>ettam</strong></span> <span class='ocrx_word' id='word_1_93' title='bbox 389 1242 453 1318; x_wconf 91' lang='lat' dir='ltr'><strong>boc</strong></span> <span class='ocrx_word' id='word_1_94' title='bbox 467 1248 570 1322; x_wconf 86' lang='lat' dir='ltr'><strong>ruodo</strong></span> <span class='ocrx_word' id='word_1_95' title='bbox 590 1249 714 1344; x_wconf 82' lang='lat' dir='ltr'><strong>singula</strong></span> <span class='ocrx_word' id='word_1_96' title='bbox 727 1250 954 1326; x_wconf 83' lang='lat' dir='ltr'><strong>Phaenomena</strong></span> <span class='ocrx_word' id='word_1_97' title='bbox 983 1251 1133 1327; x_wconf 74' lang='lat' dir='ltr'><strong>dillinsle</strong></span> <span class='ocrx_word' id='word_1_98' title='bbox 1156 1249 1312 1344; x_wconf 77' lang='lat' dir='ltr'><strong>explicari</strong></span> <span class='ocrx_word' id='word_1_99' title='bbox 1335 1249 1450 1344; x_wconf 85' lang='lat' dir='ltr'><strong>polle:</strong></span> <span class='ocrx_word' id='word_1_100' title='bbox 1479 1255 1540 1328; x_wconf 86' lang='lat' dir='ltr'><strong>hac</strong></span> <span class='ocrx_word' id='word_1_101' title='bbox 1568 1255 1656 1330; x_wconf 88' lang='lat' dir='ltr'><strong>enim</strong></span> 
     </span>
     <span class='ocr_line' id='line_1_11' title="bbox 264 1339 1657 1446; baseline 0.009 -34"><span class='ocrx_word' id='word_1_102' title='bbox 264 1350 359 1430; x_wconf 83' lang='lat' dir='ltr'><strong>parte</strong></span> <span class='ocrx_word' id='word_1_103' title='bbox 384 1339 537 1416; x_wconf 71' lang='lat' dir='ltr'><strong>absoluta</strong></span> <span class='ocrx_word' id='word_1_104' title='bbox 561 1345 682 1420; x_wconf 87' lang='lat' dir='ltr'><strong>nullum</strong></span> <span class='ocrx_word' id='word_1_105' title='bbox 699 1349 856 1445; x_wconf 88' lang='lat' dir='ltr'><strong>supererit</strong></span> <span class='ocrx_word' id='word_1_106' title='bbox 875 1349 1040 1425; x_wconf 84' lang='lat' dir='ltr'><strong>dubium,</strong></span> <span class='ocrx_word' id='word_1_107' title='bbox 1067 1349 1144 1444; x_wconf 85' lang='lat' dir='ltr'><strong>quin</strong></span> <span class='ocrx_word' id='word_1_108' title='bbox 1163 1347 1261 1442; x_wconf 84' lang='lat' dir='ltr'><strong>otigo</strong></span> <span class='ocrx_word' id='word_1_109' title='bbox 1284 1345 1380 1423; x_wconf 83' lang='lat' dir='ltr'><strong>aeslds</strong></span> <span class='ocrx_word' id='word_1_110' title='bbox 1405 1351 1511 1424; x_wconf 80' lang='lat' dir='ltr'><strong>Maris</strong></span> <span class='ocrx_word' id='word_1_111' title='bbox 1537 1352 1587 1426; x_wconf 90' lang='lat' dir='ltr'><strong>his</strong></span> <span class='ocrx_word' id='word_1_112' title='bbox 1607 1354 1657 1446; x_wconf 91' lang='lat' dir='ltr'><strong>ip·</strong></span> 
     </span>
     <span class='ocr_line' id='line_1_12' title="bbox 265 1429 1694 1548; baseline 0.008 -40"><span class='ocrx_word' id='word_1_113' title='bbox 265 1429 305 1508; x_wconf 85' lang='lat' dir='ltr'><strong>fis</strong></span> <span class='ocrx_word' id='word_1_114' title='bbox 329 1435 473 1522; x_wconf 84' lang='lat' dir='ltr'><strong>vitibus,</strong></span> <span class='ocrx_word' id='word_1_115' title='bbox 497 1467 577 1538; x_wconf 84' lang='lat' dir='ltr'><strong>quas</strong></span> <span class='ocrx_word' id='word_1_116' title='bbox 591 1445 667 1520; x_wconf 75' lang='lat' dir='ltr'><strong>astu</strong></span> <span class='ocrx_word' id='word_1_117' title='bbox 679 1447 741 1538; x_wconf 88' lang='lat' dir='ltr'><strong>jam</strong></span> <span class='ocrx_word' id='word_1_118' title='bbox 759 1445 793 1520; x_wconf 90' lang='lat' dir='ltr'><strong>in</strong></span> <span class='ocrx_word' id='word_1_119' title='bbox 808 1449 932 1521; x_wconf 87' lang='lat' dir='ltr'><strong>mundo</strong></span> <span class='ocrx_word' id='word_1_120' title='bbox 947 1444 1089 1548; x_wconf 62' lang='lat' dir='ltr'><strong>etpislete</strong></span> <span class='ocrx_word' id='word_1_121' title='bbox 1118 1443 1313 1528; x_wconf 78' lang='lat' dir='ltr'><strong>docuimus,</strong></span> <span class='ocrx_word' id='word_1_122' title='bbox 1339 1446 1508 1522; x_wconf 85' lang='lat' dir='ltr'>debeatur.</span> <span class='ocrx_word' id='word_1_123' title='bbox 1553 1445 1657 1521; x_wconf 88' lang='lat' dir='ltr'><strong>Dein·</strong></span> <span class='ocrx_word' id='word_1_124' title='bbox 1690 1541 1694 1548; x_wconf 88' lang='lat'><em>.</em></span> 
     </span>
     <span class='ocr_line' id='line_1_13' title="bbox 240 1529 1658 1644; baseline 0.007 -38"><span class='ocrx_word' id='word_1_125' title='bbox 240 1529 308 1606; x_wconf 85' lang='lat' dir='ltr'><strong>de</strong></span> <span class='ocrx_word' id='word_1_126' title='bbox 329 1533 411 1612; x_wconf 82' lang='lat' dir='ltr'><strong>verb</strong></span> <span class='ocrx_word' id='word_1_127' title='bbox 434 1541 550 1615; x_wconf 82' lang='lat' dir='ltr'><strong>harum</strong></span> <span class='ocrx_word' id='word_1_128' title='bbox 582 1542 815 1628; x_wconf 29' lang='lat' dir='ltr'><strong>virtum-causa</strong></span> <span class='ocrx_word' id='word_1_129' title='bbox 841 1541 1141 1644; x_wconf 77' lang='lat' dir='ltr'><strong>Physicaindicari</strong></span> <span class='ocrx_word' id='word_1_130' title='bbox 1172 1542 1292 1624; x_wconf 85' lang='lat' dir='ltr'><strong>debet,</strong></span> <span class='ocrx_word' id='word_1_131' title='bbox 1319 1543 1393 1616; x_wconf 83' lang='lat' dir='ltr'><strong>citm</strong></span> <span class='ocrx_word' id='word_1_132' title='bbox 1413 1541 1447 1618; x_wconf 94' lang='lat' dir='ltr'><strong>id</strong></span> <span class='ocrx_word' id='word_1_133' title='bbox 1472 1541 1511 1615; x_wconf 88' lang='lat' dir='ltr'><strong>lit</strong></span> <span class='ocrx_word' id='word_1_134' title='bbox 1540 1543 1658 1639; x_wconf 86' lang='lat' dir='ltr'><strong>praeci·</strong></span> 
     </span>
     <span class='ocr_line' id='line_1_14' title="bbox 266 1637 1656 1746; baseline 0.006 -41"><span class='ocrx_word' id='word_1_135' title='bbox 266 1637 386 1746; x_wconf 70' lang='lat' dir='ltr'><strong>purim,</strong></span> <span class='ocrx_word' id='word_1_136' title='bbox 406 1637 498 1730; x_wconf 86' lang='lat' dir='ltr'><strong>quod</strong></span> <span class='ocrx_word' id='word_1_137' title='bbox 513 1637 639 1737; x_wconf 87' lang='lat' dir='ltr'><strong>inclyta</strong></span> <span class='ocrx_word' id='word_1_138' title='bbox 666 1641 845 1718; x_wconf 83' lang='lat' dir='ltr'><strong>Academia</strong></span> <span class='ocrx_word' id='word_1_139' title='bbox 870 1641 1019 1740; x_wconf 78' lang='lat' dir='ltr'><strong>requirit.</strong></span> <span class='ocrx_word' id='word_1_140' title='bbox 1070 1639 1174 1732; x_wconf 91' lang='lat' dir='ltr'><strong>Quod</strong></span> <span class='ocrx_word' id='word_1_141' title='bbox 1200 1640 1332 1736; x_wconf 88' lang='lat' dir='ltr'><strong>quidem</strong></span> <span class='ocrx_word' id='word_1_142' title='bbox 1355 1641 1398 1716; x_wconf 87' lang='lat' dir='ltr'><strong>ad</strong></span> <span class='ocrx_word' id='word_1_143' title='bbox 1416 1639 1504 1714; x_wconf 88' lang='lat' dir='ltr'><strong>illam</strong></span> <span class='ocrx_word' id='word_1_144' title='bbox 1531 1663 1656 1734; x_wconf 84' lang='lat' dir='ltr'><strong>partem</strong></span> 
     </span>
     <span class='ocr_line' id='line_1_15' title="bbox 265 1733 1675 1830; baseline 0.006 -29"><span class='ocrx_word' id='word_1_145' title='bbox 265 1745 409 1810; x_wconf 81' lang='lat' dir='ltr'><strong>attinet,</strong></span> <span class='ocrx_word' id='word_1_146' title='bbox 440 1733 562 1826; x_wconf 80' lang='lat' dir='ltr'><strong>ineius</strong></span> <span class='ocrx_word' id='word_1_147' title='bbox 587 1740 809 1830; x_wconf 81' lang='lat' dir='ltr'><strong>explicatione</strong></span> <span class='ocrx_word' id='word_1_148' title='bbox 828 1740 960 1816; x_wconf 74' lang='lat' dir='ltr'><strong>minime</strong></span> <span class='ocrx_word' id='word_1_149' title='bbox 980 1739 1191 1822; x_wconf 83' lang='lat' dir='ltr'><strong>haefitamus;</strong></span> <span class='ocrx_word' id='word_1_150' title='bbox 1217 1736 1444 1815; x_wconf 82' lang='lat' dir='ltr'><strong>&amp;clariffimis</strong></span> <span class='ocrx_word' id='word_1_151' title='bbox 1466 1735 1675 1822; x_wconf 71' lang='lat' dir='ltr'><strong>certilstntis</strong></span> 
     </span>
     <span class='ocr_line' id='line_1_16' title="bbox 253 1832 1658 1934; baseline 0.002 -29"><span class='ocrx_word' id='word_1_152' title='bbox 253 1850 330 1924; x_wconf 76' lang='lat' dir='ltr'><strong>‘que</strong></span> <span class='ocrx_word' id='word_1_153' title='bbox 357 1835 690 1914; x_wconf 82' lang='lat' dir='ltr'><strong>demonstrationibus</strong></span> <span class='ocrx_word' id='word_1_154' title='bbox 715 1837 869 1922; x_wconf 86' lang='lat' dir='ltr'><strong>evincere</strong></span> <span class='ocrx_word' id='word_1_155' title='bbox 893 1836 1113 1934; x_wconf 81' lang='lat' dir='ltr'><strong>pollicemur,</strong></span> <span class='ocrx_word' id='word_1_156' title='bbox 1139 1859 1198 1930; x_wconf 89' lang='lat' dir='ltr'><strong>per</strong></span> <span class='ocrx_word' id='word_1_157' title='bbox 1218 1832 1290 1908; x_wconf 83' lang='lat' dir='ltr'><strong>illas</strong></span> <span class='ocrx_word' id='word_1_158' title='bbox 1312 1838 1399 1910; x_wconf 89' lang='lat' dir='ltr'><strong>vires</strong></span> <span class='ocrx_word' id='word_1_159' title='bbox 1413 1832 1524 1908; x_wconf 88' lang='lat' dir='ltr'><strong>omnia</strong></span> <span class='ocrx_word' id='word_1_160' title='bbox 1544 1833 1658 1910; x_wconf 89' lang='lat' dir='ltr'><strong>omni·</strong></span> 
     </span>
     <span class='ocr_line' id='line_1_17' title="bbox 265 1927 1657 2038; baseline 0 -34"><span class='ocrx_word' id='word_1_161' title='bbox 265 1927 313 2038; x_wconf 74' lang='lat' dir='ltr'><strong>ub</strong></span> <span class='ocrx_word' id='word_1_162' title='bbox 333 1929 428 2006; x_wconf 77' lang='lat' dir='ltr'><strong>aeflos</strong></span> <span class='ocrx_word' id='word_1_163' title='bbox 455 1937 559 2010; x_wconf 87' lang='lat' dir='ltr'><strong>Maris</strong></span> <span class='ocrx_word' id='word_1_164' title='bbox 571 1934 797 2010; x_wconf 87' lang='lat' dir='ltr'><strong>Phaenomena</strong></span> <span class='ocrx_word' id='word_1_165' title='bbox 822 1933 1052 2012; x_wconf 77' lang='lat' dir='ltr'><strong>absolutiffime</strong></span> <span class='ocrx_word' id='word_1_166' title='bbox 1066 1932 1223 2027; x_wconf 78' lang='lat' dir='ltr'><strong>explicati</strong></span> <span class='ocrx_word' id='word_1_167' title='bbox 1237 1929 1353 2024; x_wconf 68' lang='lat' dir='ltr'><strong>pollet</strong></span> <span class='ocrx_word' id='word_1_168' title='bbox 1380 1934 1447 2029; x_wconf 76' lang='lat' dir='ltr'><strong>qud</strong></span> <span class='ocrx_word' id='word_1_169' title='bbox 1469 1931 1503 2004; x_wconf 90' lang='lat' dir='ltr'><strong>in</strong></span> <span class='ocrx_word' id='word_1_170' title='bbox 1522 1957 1557 2006; x_wconf 88' lang='lat' dir='ltr'><strong>re</strong></span> <span class='ocrx_word' id='word_1_171' title='bbox 1580 1934 1657 2008; x_wconf 83' lang='lat' dir='ltr'><strong>nul·</strong></span> 
     </span>
     <span class='ocr_line' id='line_1_18' title="bbox 265 2018 1655 2130; baseline 0.004 -32"><span class='ocrx_word' id='word_1_172' title='bbox 265 2018 288 2098; x_wconf 87' lang='lat' dir='ltr'><strong>lt</strong></span> <span class='ocrx_word' id='word_1_173' title='bbox 314 2029 509 2104; x_wconf 81' lang='lat' dir='ltr'><strong>dubitationi</strong></span> <span class='ocrx_word' id='word_1_174' title='bbox 525 2033 608 2108; x_wconf 88' lang='lat' dir='ltr'><strong>ullus</strong></span> <span class='ocrx_word' id='word_1_175' title='bbox 623 2033 826 2130; x_wconf 80' lang='lat' dir='ltr'><strong>relinquetur</strong></span> <span class='ocrx_word' id='word_1_176' title='bbox 840 2033 958 2130; x_wconf 82' lang='lat' dir='ltr'><strong>locus,</strong></span> <span class='ocrx_word' id='word_1_177' title='bbox 979 2031 1053 2106; x_wconf 86' lang='lat' dir='ltr'><strong>citro</strong></span> <span class='ocrx_word' id='word_1_178' title='bbox 1074 2046 1143 2103; x_wconf 90' lang='lat' dir='ltr'><strong>tota</strong></span> <span class='ocrx_word' id='word_1_179' title='bbox 1157 2031 1200 2103; x_wconf 93' lang='lat' dir='ltr'><strong>ad</strong></span> <span class='ocrx_word' id='word_1_180' title='bbox 1223 2029 1447 2106; x_wconf 85' lang='lat' dir='ltr'><strong>Geometriam</strong></span> <span class='ocrx_word' id='word_1_181' title='bbox 1461 2031 1497 2106; x_wconf 66' lang='grc' dir='ltr'><strong>ὅ(</strong></span> <span class='ocrx_word' id='word_1_182' title='bbox 1512 2027 1655 2105; x_wconf 83' lang='lat' dir='ltr'><strong>Metha-</strong></span> 
     </span>
     <span class='ocr_line' id='line_1_19' title="bbox 265 2123 1688 2226; baseline 0.004 -30"><span class='ocrx_word' id='word_1_183' title='bbox 265 2123 375 2200; x_wconf 91' lang='lat' dir='ltr'><strong>nicam</strong></span> <span class='ocrx_word' id='word_1_184' title='bbox 399 2127 618 2204; x_wconf 87' lang='lat' dir='ltr'><strong>sublimiorem</strong></span> <span class='ocrx_word' id='word_1_185' title='bbox 642 2136 830 2226; x_wconf 85' lang='lat' dir='ltr'><strong>pertineat,</strong></span> <span class='ocrx_word' id='word_1_186' title='bbox 866 2126 1067 2224; x_wconf 88' lang='lat' dir='ltr'><strong>calculoque</strong></span> <span class='ocrx_word' id='word_1_187' title='bbox 1101 2127 1267 2225; x_wconf 80' lang='lat' dir='ltr'><strong>analytice</strong></span> <span class='ocrx_word' id='word_1_188' title='bbox 1291 2127 1327 2202; x_wconf 89' lang='lat' dir='ltr'><strong>stt</strong></span> <span class='ocrx_word' id='word_1_189' title='bbox 1354 2125 1509 2219; x_wconf 70' lang='lat' dir='ltr'><strong>majana.</strong></span> <span class='ocrx_word' id='word_1_190' title='bbox 1545 2129 1657 2204; x_wconf 81' lang='lat' dir='ltr'><strong>Altera</strong></span> <span class='ocrx_word' id='word_1_191' title='bbox 1673 2149 1688 2220; x_wconf 54' lang='grc' dir='ltr'><strong>ἡ</strong></span> 
     </span>
     <span class='ocr_line' id='line_1_20' title="bbox 264 2219 1659 2318; baseline 0.002 -22"><span class='ocrx_word' id='word_1_192' title='bbox 264 2219 351 2296; x_wconf 86' lang='lat' dir='ltr'><strong>vetb</strong></span> <span class='ocrx_word' id='word_1_193' title='bbox 365 2247 464 2317; x_wconf 86' lang='lat' dir='ltr'><strong>pars,</strong></span> <span class='ocrx_word' id='word_1_194' title='bbox 490 2224 711 2302; x_wconf 90' lang='lat' dir='ltr'><strong>inscientiam</strong></span> <span class='ocrx_word' id='word_1_195' title='bbox 737 2229 917 2304; x_wconf 81' lang='lat' dir='ltr'><strong>naturalem</strong></span> <span class='ocrx_word' id='word_1_196' title='bbox 938 2224 1096 2318; x_wconf 89' lang='lat' dir='ltr'><strong>imprimis</strong></span> <span class='ocrx_word' id='word_1_197' title='bbox 1123 2225 1309 2309; x_wconf 75' lang='lat' dir='ltr'><strong>incurrens,-</strong></span> <span class='ocrx_word' id='word_1_198' title='bbox 1337 2223 1453 2316; x_wconf 89' lang='lat' dir='ltr'><strong>majori</strong></span> <span class='ocrx_word' id='word_1_199' title='bbox 1474 2223 1659 2301; x_wconf 86' lang='lat' dir='ltr'><strong>difficultati</strong></span> 
     </span>
     <span class='ocr_line' id='line_1_21' title="bbox 264 2319 1658 2409; baseline 0.001 -14"><span class='ocrx_word' id='word_1_200' title='bbox 264 2319 398 2396; x_wconf 85' lang='lat' dir='ltr'><strong>videtur</strong></span> <span class='ocrx_word' id='word_1_201' title='bbox 422 2323 599 2402; x_wconf 82' lang='lat' dir='ltr'><strong>obnoxia,</strong></span> <span class='ocrx_word' id='word_1_202' title='bbox 625 2345 688 2398; x_wconf 84' lang='lat' dir='ltr'><strong>nec</strong></span> <span class='ocrx_word' id='word_1_203' title='bbox 707 2341 809 2400; x_wconf 83' lang='lat' dir='ltr'><strong>tantae·</strong></span> <span class='ocrx_word' id='word_1_204' title='bbox 832 2321 1011 2398; x_wconf 85' lang='lat' dir='ltr'><strong>evidentiae</strong></span> <span class='ocrx_word' id='word_1_205' title='bbox 1035 2345 1074 2395; x_wconf 89' lang='lat' dir='ltr'><strong>ca</strong></span> <span class='ocrx_word' id='word_1_206' title='bbox 1100 2343 1167 2409; x_wconf 80' lang='lat' dir='ltr'><strong>ax3</strong></span> <span class='ocrx_word' id='word_1_207' title='bbox 1195 2320 1308 2400; x_wconf 81' lang='lat' dir='ltr'><strong>verbm</strong></span> <span class='ocrx_word' id='word_1_208' title='bbox 1323 2321 1396 2396; x_wconf 85' lang='lat' dir='ltr'><strong>clun</strong></span> <span class='ocrx_word' id='word_1_209' title='bbox 1410 2319 1468 2396; x_wconf 86' lang='lat' dir='ltr'><strong>isla</strong></span> <span class='ocrx_word' id='word_1_210' title='bbox 1487 2343 1538 2396; x_wconf 86' lang='lat' dir='ltr'><strong>tes</strong></span> <span class='ocrx_word' id='word_1_211' title='bbox 1553 2345 1658 2398; x_wconf 86' lang='lat' dir='ltr'><strong>occa·</strong></span> 
     </span>
    </p>

    <p class='ocr_par' dir='ltr' id='par_1_8' title="bbox 165 2413 1658 2710">
     <span class='ocr_line' id='line_1_22' title="bbox 165 2413 1658 2515; baseline 0.005 -26"><span class='ocrx_word' id='word_1_212' title='bbox 165 2432 171 2445; x_wconf 94' lang='grc'><em>·</em></span> <span class='ocrx_word' id='word_1_213' title='bbox 266 2414 357 2491; x_wconf 86' lang='lat' dir='ltr'><strong>lione</strong></span> <span class='ocrx_word' id='word_1_214' title='bbox 384 2417 524 2514; x_wconf 85' lang='lat' dir='ltr'><strong>plurium</strong></span> <span class='ocrx_word' id='word_1_215' title='bbox 550 2421 768 2514; x_wconf 71' lang='lat' dir='ltr'><strong>quatrionem</strong></span> <span class='ocrx_word' id='word_1_216' title='bbox 792 2423 834 2496; x_wconf 93' lang='lat' dir='ltr'><strong>ab</strong></span> <span class='ocrx_word' id='word_1_217' title='bbox 863 2417 1043 2493; x_wconf 70' lang='lat' dir='ltr'><strong>Academia</strong></span> <span class='ocrx_word' id='word_1_218' title='bbox 1089 2413 1284 2514; x_wconf 71' lang='lat' dir='ltr'><strong>elebetrimti</strong></span> <span class='ocrx_word' id='word_1_219' title='bbox 1308 2418 1447 2494; x_wconf 86' lang='lat' dir='ltr'><strong>antehac</strong></span> <span class='ocrx_word' id='word_1_220' title='bbox 1471 2419 1658 2515; x_wconf 80' lang='lat' dir='ltr'><strong>proposita·</strong></span> 
     </span>
     <span class='ocr_line' id='line_1_23' title="bbox 267 2514 1657 2626; baseline 0.004 -39"><span class='ocrx_word' id='word_1_221' title='bbox 267 2534 338 2588; x_wconf 90' lang='lat' dir='ltr'><strong>tum</strong></span> <span class='ocrx_word' id='word_1_222' title='bbox 362 2519 431 2611; x_wconf 83' lang='lat' dir='ltr'><strong>jam</strong></span> <span class='ocrx_word' id='word_1_223' title='bbox 449 2533 542 2592; x_wconf 89' lang='lat' dir='ltr'><strong>tanto</strong></span> <span class='ocrx_word' id='word_1_224' title='bbox 560 2514 668 2592; x_wconf 88' lang='lat' dir='ltr'><strong>sludto</strong></span> <span class='ocrx_word' id='word_1_225' title='bbox 691 2519 727 2592; x_wconf 90' lang='lat' dir='ltr'><strong>stt</strong></span> <span class='ocrx_word' id='word_1_226' title='bbox 752 2517 950 2615; x_wconf 74' lang='lat' dir='ltr'><strong>investigata</strong></span> <span class='ocrx_word' id='word_1_227' title='bbox 972 2531 1072 2614; x_wconf 87' lang='lat' dir='ltr'><strong>atque</strong></span> <span class='ocrx_word' id='word_1_228' title='bbox 1090 2514 1259 2626; x_wconf 69' lang='lat' dir='ltr'><strong>absoluta,</strong></span> <span class='ocrx_word' id='word_1_229' title='bbox 1280 2537 1352 2590; x_wconf 88' lang='lat' dir='ltr'><strong>eam</strong></span> <span class='ocrx_word' id='word_1_230' title='bbox 1366 2537 1436 2590; x_wconf 86' lang='lat' dir='ltr'><strong>non</strong></span> <span class='ocrx_word' id='word_1_231' title='bbox 1452 2515 1569 2589; x_wconf 86' lang='lat' dir='ltr'><strong>minori</strong></span> <span class='ocrx_word' id='word_1_232' title='bbox 1585 2537 1657 2593; x_wconf 87' lang='lat' dir='ltr'><strong>cer·</strong></span> 
     </span>
     <span class='ocr_line' id='line_1_24' title="bbox 264 2613 818 2710; baseline 0.007 -27"><span class='ocrx_word' id='word_1_233' title='bbox 264 2613 405 2689; x_wconf 85' lang='lat' dir='ltr'><strong>titudine</strong></span> <span class='ocrx_word' id='word_1_234' title='bbox 426 2617 585 2710; x_wconf 82' lang='lat' dir='ltr'><strong>expedire</strong></span> <span class='ocrx_word' id='word_1_235' title='bbox 607 2616 818 2692; x_wconf 82' lang='lat' dir='ltr'><strong>confidimns.</strong></span> 
     </span>
    </p>

    <p class='ocr_par' dir='ltr' id='par_1_9' title="bbox 259 2703 1660 3590">
     <span class='ocr_line' id='line_1_25' title="bbox 316 2703 1658 2810; baseline 0.002 -26"><span class='ocrx_word' id='word_1_236' title='bbox 316 2711 347 2800; x_wconf 73' lang='lat' dir='ltr'><strong>s.</strong></span> <span class='ocrx_word' id='word_1_237' title='bbox 379 2735 432 2788; x_wconf 68' lang='lat' dir='ltr'><strong>ta</strong></span> <span class='ocrx_word' id='word_1_238' title='bbox 472 2709 625 2808; x_wconf 86' lang='lat' dir='ltr'><strong>Explosis</strong></span> <span class='ocrx_word' id='word_1_239' title='bbox 649 2717 715 2788; x_wconf 85' lang='lat' dir='ltr'><strong>boc</strong></span> <span class='ocrx_word' id='word_1_240' title='bbox 755 2715 868 2790; x_wconf 76' lang='lat' dir='ltr'><strong>saltem</strong></span> <span class='ocrx_word' id='word_1_241' title='bbox 897 2727 1050 2808; x_wconf 89' lang='lat' dir='ltr'><strong>tempore</strong></span> <span class='ocrx_word' id='word_1_242' title='bbox 1081 2703 1290 2810; x_wconf 75' lang='lat' dir='ltr'><strong>quadratibus</strong></span> <span class='ocrx_word' id='word_1_243' title='bbox 1321 2711 1459 2788; x_wconf 89' lang='lat' dir='ltr'><strong>occultis</strong></span> <span class='ocrx_word' id='word_1_244' title='bbox 1497 2710 1658 2808; x_wconf 76' lang='lat' dir='ltr'><strong>missaque</strong></span> 
     </span>
     <span class='ocr_line' id='line_1_26' title="bbox 266 2807 1658 2906; baseline 0.001 -26"><span class='ocrx_word' id='word_1_245' title='bbox 266 2807 451 2905; x_wconf 73' lang='lat' dir='ltr'><strong>Anglorum</strong></span> <span class='ocrx_word' id='word_1_246' title='bbox 483 2813 702 2903; x_wconf 84' lang='lat' dir='ltr'><strong>quorumdam</strong></span> <span class='ocrx_word' id='word_1_247' title='bbox 727 2815 890 2890; x_wconf 69' lang='lat' dir='ltr'><strong>renovata</strong></span> <span class='ocrx_word' id='word_1_248' title='bbox 915 2809 1139 2894; x_wconf 83' lang='lat' dir='ltr'><strong>attraslione,</strong></span> <span class='ocrx_word' id='word_1_249' title='bbox 1166 2833 1241 2906; x_wconf 83' lang='lat' dir='ltr'><strong>quae</strong></span> <span class='ocrx_word' id='word_1_250' title='bbox 1264 2835 1339 2885; x_wconf 87' lang='lat' dir='ltr'><strong>curu</strong></span> <span class='ocrx_word' id='word_1_251' title='bbox 1369 2810 1486 2885; x_wconf 86' lang='lat' dir='ltr'><strong>saniori</strong></span> <span class='ocrx_word' id='word_1_252' title='bbox 1511 2808 1621 2902; x_wconf 85' lang='lat' dir='ltr'><strong>pltilos</strong></span> <span class='ocrx_word' id='word_1_253' title='bbox 1639 2839 1658 2864; x_wconf 86' lang='lat'><strong>··</strong></span> 
     </span>
     <span class='ocr_line' id='line_1_27' title="bbox 265 2901 1657 3006; baseline 0 -26"><span class='ocrx_word' id='word_1_254' title='bbox 265 2907 391 3002; x_wconf 88' lang='lat' dir='ltr'><strong>phandi</strong></span> <span class='ocrx_word' id='word_1_255' title='bbox 415 2907 517 2985; x_wconf 89' lang='lat' dir='ltr'><strong>modo</strong></span> <span class='ocrx_word' id='word_1_256' title='bbox 541 2901 724 2984; x_wconf 81' lang='lat' dir='ltr'><strong>nullatenits</strong></span> <span class='ocrx_word' id='word_1_257' title='bbox 747 2909 924 2984; x_wconf 80' lang='lat' dir='ltr'><strong>consistere</strong></span> <span class='ocrx_word' id='word_1_258' title='bbox 944 2907 1078 3006; x_wconf 83' lang='lat' dir='ltr'><strong>potesl,</strong></span> <span class='ocrx_word' id='word_1_259' title='bbox 1096 2908 1244 2980; x_wconf 89' lang='lat' dir='ltr'><strong>omnium</strong></span> <span class='ocrx_word' id='word_1_260' title='bbox 1269 2909 1388 2985; x_wconf 86' lang='lat' dir='ltr'><strong>vitium</strong></span> <span class='ocrx_word' id='word_1_261' title='bbox 1419 2930 1495 3004; x_wconf 80' lang='lat' dir='ltr'><strong>quae</strong></span> <span class='ocrx_word' id='word_1_262' title='bbox 1523 2904 1657 3001; x_wconf 87' lang='lat' dir='ltr'><strong>quidem</strong></span> 
     </span>
     <span class='ocr_line' id='line_1_28' title="bbox 266 2999 1658 3104; baseline 0 -28"><span class='ocrx_word' id='word_1_263' title='bbox 266 3003 300 3100; x_wconf 88' lang='lat' dir='ltr'><strong>in</strong></span> <span class='ocrx_word' id='word_1_264' title='bbox 324 3009 450 3080; x_wconf 85' lang='lat' dir='ltr'><strong>mundo</strong></span> <span class='ocrx_word' id='word_1_265' title='bbox 471 3003 708 3082; x_wconf 69' lang='lat' dir='ltr'><strong>obstruantur,</strong></span> <span class='ocrx_word' id='word_1_266' title='bbox 741 3007 864 3104; x_wconf 80' lang='lat' dir='ltr'><strong>duplex</strong></span> <span class='ocrx_word' id='word_1_267' title='bbox 889 3007 1080 3084; x_wconf 77' lang='lat' dir='ltr'><strong>statuendus</strong></span> <span class='ocrx_word' id='word_1_268' title='bbox 1101 3005 1148 3079; x_wconf 83' lang='lat' dir='ltr'><strong>esi</strong></span> <span class='ocrx_word' id='word_1_269' title='bbox 1168 3003 1243 3079; x_wconf 87' lang='lat' dir='ltr'><strong>sons</strong></span> <span class='ocrx_word' id='word_1_270' title='bbox 1258 3021 1356 3102; x_wconf 84' lang='lat' dir='ltr'><strong>atque</strong></span> <span class='ocrx_word' id='word_1_271' title='bbox 1381 3006 1491 3098; x_wconf 81' lang='lat' dir='ltr'><strong>origo.</strong></span> <span class='ocrx_word' id='word_1_272' title='bbox 1527 2999 1658 3099; x_wconf 73' lang='lat' dir='ltr'><strong>Nempe</strong></span> 
     </span>
     <span class='ocr_line' id='line_1_29' title="bbox 265 3098 1659 3201; baseline 0 -23"><span class='ocrx_word' id='word_1_273' title='bbox 265 3098 344 3178; x_wconf 80' lang='lat' dir='ltr'><strong>citm‘</strong></span> <span class='ocrx_word' id='word_1_274' title='bbox 367 3101 491 3179; x_wconf 83' lang='lat' dir='ltr'><strong>vitibus</strong></span> <span class='ocrx_word' id='word_1_275' title='bbox 518 3101 678 3178; x_wconf 79' lang='lat' dir='ltr'><strong>tribuatur</strong></span> <span class='ocrx_word' id='word_1_276' title='bbox 695 3098 754 3180; x_wconf 89' lang='lat' dir='ltr'><strong>vel</strong></span> <span class='ocrx_word' id='word_1_277' title='bbox 778 3103 886 3180; x_wconf 79' lang='lat' dir='ltr'><strong>motfis</strong></span> <span class='ocrx_word' id='word_1_278' title='bbox 913 3102 1089 3201; x_wconf 82' lang='lat' dir='ltr'><strong>generatio</strong></span> <span class='ocrx_word' id='word_1_279' title='bbox 1120 3103 1175 3179; x_wconf 88' lang='lat' dir='ltr'><strong>vel</strong></span> <span class='ocrx_word' id='word_1_280' title='bbox 1200 3103 1409 3184; x_wconf 79' lang='lat' dir='ltr'><strong>immutatio,</strong></span> <span class='ocrx_word' id='word_1_281' title='bbox 1433 3101 1492 3177; x_wconf 83' lang='lat' dir='ltr'><strong>iste</strong></span> <span class='ocrx_word' id='word_1_282' title='bbox 1518 3099 1659 3178; x_wconf 81' lang='lat' dir='ltr'><strong>ett&#39;ettus</strong></span> 
     </span>
     <span class='ocr_line' id='line_1_30' title="bbox 264 3187 1659 3300; baseline -0.001 -26"><span class='ocrx_word' id='word_1_283' title='bbox 264 3199 391 3296; x_wconf 84' lang='lat' dir='ltr'><strong>semper</strong></span> <span class='ocrx_word' id='word_1_284' title='bbox 412 3201 468 3278; x_wconf 90' lang='lat' dir='ltr'><strong>vel</strong></span> <span class='ocrx_word' id='word_1_285' title='bbox 488 3187 531 3275; x_wconf 82' lang='lat' dir='ltr'><strong>ab</strong></span> <span class='ocrx_word' id='word_1_286' title='bbox 553 3199 702 3275; x_wconf 78' lang='lat' dir='ltr'><strong>alsistona</strong></span> <span class='ocrx_word' id='word_1_287' title='bbox 726 3225 931 3298; x_wconf 81' lang='lat' dir='ltr'><strong>corporum,</strong></span> <span class='ocrx_word' id='word_1_288' title='bbox 956 3201 1010 3276; x_wconf 91' lang='lat' dir='ltr'><strong>vel</strong></span> <span class='ocrx_word' id='word_1_289' title='bbox 1032 3203 1051 3272; x_wconf 71' lang='lat' dir='ltr'><strong>&#39;a</strong></span> <span class='ocrx_word' id='word_1_290' title='bbox 1070 3200 1101 3273; x_wconf 87' lang='lat' dir='ltr'><strong>vi</strong></span> <span class='ocrx_word' id='word_1_291' title='bbox 1118 3198 1305 3300; x_wconf 70' lang='lat' dir='ltr'><strong>erutrisugl</strong></span> <span class='ocrx_word' id='word_1_292' title='bbox 1324 3199 1550 3298; x_wconf 85' lang='lat' dir='ltr'><strong>proficiscitur,</strong></span> <span class='ocrx_word' id='word_1_293' title='bbox 1579 3217 1659 3296; x_wconf 85' lang='lat' dir='ltr'><strong>qua·-</strong></span> 
     </span>
     <span class='ocr_line' id='line_1_31' title="bbox 262 3295 1660 3396; baseline -0.001 -23"><span class='ocrx_word' id='word_1_294' title='bbox 262 3319 335 3373; x_wconf 87' lang='lat' dir='ltr'><strong>tum</strong></span> <span class='ocrx_word' id='word_1_295' title='bbox 358 3299 525 3374; x_wconf 74' lang='lat' dir='ltr'><strong>actionum</strong></span> <span class='ocrx_word' id='word_1_296' title='bbox 551 3315 691 3396; x_wconf 85' lang='lat' dir='ltr'><strong>utraque</strong></span> <span class='ocrx_word' id='word_1_297' title='bbox 714 3295 889 3378; x_wconf 76' lang='lat' dir='ltr'><strong>facultati,</strong></span> <span class='ocrx_word' id='word_1_298' title='bbox 910 3299 978 3392; x_wconf 75' lang='lat' dir='ltr'><strong>qud</strong></span> <span class='ocrx_word' id='word_1_299' title='bbox 997 3296 1109 3374; x_wconf 88' lang='lat' dir='ltr'><strong>omnia</strong></span> <span class='ocrx_word' id='word_1_300' title='bbox 1129 3319 1271 3390; x_wconf 76' lang='lat' dir='ltr'><strong>corpora</strong></span> <span class='ocrx_word' id='word_1_301' title='bbox 1292 3299 1362 3374; x_wconf 86' lang='lat' dir='ltr'><strong>suut</strong></span> <span class='ocrx_word' id='word_1_302' title='bbox 1376 3296 1569 3394; x_wconf 83' lang='lat' dir='ltr'><strong>praeditain</strong></span> <span class='ocrx_word' id='word_1_303' title='bbox 1595 3296 1660 3371; x_wconf 84' lang='lat' dir='ltr'><strong>lla·</strong></span> 
     </span>
     <span class='ocr_line' id='line_1_32' title="bbox 259 3392 1659 3492; baseline -0.003 -24"><span class='ocrx_word' id='word_1_304' title='bbox 259 3407 299 3470; x_wconf 91' lang='lat' dir='ltr'><strong>tu</strong></span> <span class='ocrx_word' id='word_1_305' title='bbox 323 3395 379 3470; x_wconf 91' lang='lat' dir='ltr'><strong>suo</strong></span> <span class='ocrx_word' id='word_1_306' title='bbox 393 3393 461 3472; x_wconf 83' lang='lat' dir='ltr'><strong>five</strong></span> <span class='ocrx_word' id='word_1_307' title='bbox 478 3394 598 3492; x_wconf 83' lang='lat' dir='ltr'><strong>quietis</strong></span> <span class='ocrx_word' id='word_1_308' title='bbox 613 3397 679 3471; x_wconf 83' lang='lat' dir='ltr'><strong>sive</strong></span> <span class='ocrx_word' id='word_1_309' title='bbox 705 3393 814 3471; x_wconf 78' lang='lat' dir='ltr'><strong>mettis</strong></span> <span class='ocrx_word' id='word_1_310' title='bbox 896 3396 1011 3472; x_wconf 90' lang='lat' dir='ltr'><strong>uabllis</strong></span> <span class='ocrx_word' id='word_1_311' title='bbox 1033 3393 1067 3468; x_wconf 89' lang='lat' dir='ltr'><strong>in</strong></span> <span class='ocrx_word' id='word_1_312' title='bbox 1094 3395 1255 3470; x_wconf 71' lang='lat' dir='ltr'><strong>directum</strong></span> <span class='ocrx_word' id='word_1_313' title='bbox 1281 3393 1533 3490; x_wconf 84' lang='lat' dir='ltr'><strong>perseverandi,</strong></span> <span class='ocrx_word' id='word_1_314' title='bbox 1554 3392 1659 3466; x_wconf 85' lang='lat' dir='ltr'><strong>debe·</strong></span> 
     </span>
     <span class='ocr_line' id='line_1_33' title="bbox 264 3483 1659 3590; baseline -0.002 -24"><span class='ocrx_word' id='word_1_315' title='bbox 264 3505 326 3566; x_wconf 90' lang='lat' dir='ltr'><strong>tur.</strong></span> <span class='ocrx_word' id='word_1_316' title='bbox 377 3493 435 3571; x_wconf 79' lang='lat' dir='ltr'><strong>ot,</strong></span> <span class='ocrx_word' id='word_1_317' title='bbox 463 3495 549 3570; x_wconf 88' lang='lat' dir='ltr'><strong>hanc</strong></span> <span class='ocrx_word' id='word_1_318' title='bbox 574 3493 661 3568; x_wconf 90' lang='lat' dir='ltr'><strong>enim</strong></span> <span class='ocrx_word' id='word_1_319' title='bbox 682 3491 783 3588; x_wconf 83' lang='lat' dir='ltr'><strong>ipsam</strong></span> <span class='ocrx_word' id='word_1_320' title='bbox 806 3490 996 3569; x_wconf 86' lang='lat' dir='ltr'><strong>facutateto</strong></span> <span class='ocrx_word' id='word_1_321' title='bbox 1020 3517 1142 3590; x_wconf 87' lang='lat' dir='ltr'><strong>corpus</strong></span> <span class='ocrx_word' id='word_1_322' title='bbox 1161 3494 1196 3566; x_wconf 90' lang='lat' dir='ltr'><strong>in</strong></span> <span class='ocrx_word' id='word_1_323' title='bbox 1224 3505 1318 3568; x_wconf 71' lang='lat' dir='ltr'><strong>motu·</strong></span> <span class='ocrx_word' id='word_1_324' title='bbox 1342 3491 1481 3589; x_wconf 85' lang='lat' dir='ltr'><strong>politum</strong></span> <span class='ocrx_word' id='word_1_325' title='bbox 1500 3483 1563 3560; x_wconf 90' lang='lat' dir='ltr'><strong>alia</strong></span> <span class='ocrx_word' id='word_1_326' title='bbox 1587 3511 1659 3563; x_wconf 83' lang='lat' dir='ltr'><strong>cot·</strong></span> 
     </span>
    </p>

    <p class='ocr_par' dir='ltr' id='par_1_10' title="bbox 219 3585 1659 4374">
     <span class='ocr_line' id='line_1_34' title="bbox 219 3585 1657 3690; baseline -0.003 -28"><span class='ocrx_word' id='word_1_327' title='bbox 219 3641 232 3662; x_wconf 60' lang='lat'><em>2</em></span> <span class='ocrx_word' id='word_1_328' title='bbox 265 3611 367 3682; x_wconf 87' lang='lat' dir='ltr'><strong>pora,</strong></span> <span class='ocrx_word' id='word_1_329' title='bbox 391 3617 467 3690; x_wconf 83' lang='lat' dir='ltr'><strong>quae</strong></span> <span class='ocrx_word' id='word_1_330' title='bbox 489 3593 545 3670; x_wconf 88' lang='lat' dir='ltr'><strong>vel</strong></span> <span class='ocrx_word' id='word_1_331' title='bbox 569 3591 672 3690; x_wconf 79' lang='lat' dir='ltr'><strong>ipsius</strong></span> <span class='ocrx_word' id='word_1_332' title='bbox 696 3593 800 3668; x_wconf 86' lang='lat' dir='ltr'><strong>motui</strong></span> <span class='ocrx_word' id='word_1_333' title='bbox 824 3591 950 3668; x_wconf 72' lang='lat' dir='ltr'><strong>diteslb</strong></span> <span class='ocrx_word' id='word_1_334' title='bbox 978 3595 1049 3668; x_wconf 89' lang='lat' dir='ltr'><strong>lunt</strong></span> <span class='ocrx_word' id='word_1_335' title='bbox 1065 3591 1238 3688; x_wconf 78' lang='lat' dir='ltr'><strong>opposita,</strong></span> <span class='ocrx_word' id='word_1_336' title='bbox 1260 3591 1316 3667; x_wconf 87' lang='lat' dir='ltr'><strong>vel</strong></span> <span class='ocrx_word' id='word_1_337' title='bbox 1341 3591 1409 3685; x_wconf 79' lang='lat' dir='ltr'><strong>ejus</strong></span> <span class='ocrx_word' id='word_1_338' title='bbox 1438 3585 1657 3660; x_wconf 68' lang='lat' dir='ltr'><strong>ditectionem</strong></span> 
     </span>
     <span class='ocr_line' id='line_1_35' title="bbox 268 3681 1659 3794; baseline -0.003 -36"><span class='ocrx_word' id='word_1_339' title='bbox 268 3703 395 3764; x_wconf 86' lang='lat' dir='ltr'><strong>mutare</strong></span> <span class='ocrx_word' id='word_1_340' title='bbox 409 3707 561 3788; x_wconf 80' lang='lat' dir='ltr'><strong>cogunt,</strong></span> <span class='ocrx_word' id='word_1_341' title='bbox 586 3693 769 3768; x_wconf 88' lang='lat' dir='ltr'><strong>admotum</strong></span> <span class='ocrx_word' id='word_1_342' title='bbox 792 3689 969 3784; x_wconf 78' lang='lat' dir='ltr'><strong>sollieitat3</strong></span> <span class='ocrx_word' id='word_1_343' title='bbox 993 3707 1092 3788; x_wconf 89' lang='lat' dir='ltr'><strong>atque</strong></span> <span class='ocrx_word' id='word_1_344' title='bbox 1107 3685 1222 3786; x_wconf 81' lang='lat' dir='ltr'><strong>‘priori</strong></span> <span class='ocrx_word' id='word_1_345' title='bbox 1245 3688 1318 3764; x_wconf 88' lang='lat' dir='ltr'><strong>casu</strong></span> <span class='ocrx_word' id='word_1_346' title='bbox 1341 3681 1659 3794; x_wconf 19' lang='lat' dir='ltr'><strong>regnlzrculltlfionis</strong></span> 
     </span>
     <span class='ocr_line' id='line_1_36' title="bbox 265 3785 1658 3886; baseline -0.005 -25"><span class='ocrx_word' id='word_1_347' title='bbox 265 3804 468 3878; x_wconf 73' lang='lat' dir='ltr'><strong>corporum,</strong></span> <span class='ocrx_word' id='word_1_348' title='bbox 493 3789 667 3886; x_wconf 82' lang='lat' dir='ltr'><strong>posteriori</strong></span> <span class='ocrx_word' id='word_1_349' title='bbox 688 3787 770 3864; x_wconf 89' lang='lat' dir='ltr'><strong>verb</strong></span> <span class='ocrx_word' id='word_1_350' title='bbox 784 3788 837 3866; x_wconf 56' lang='lat' dir='ltr'><strong>ds</strong></span> <span class='ocrx_word' id='word_1_351' title='bbox 860 3785 1058 3884; x_wconf 80' lang='lat' dir='ltr'><strong>centrifugae</strong></span> <span class='ocrx_word' id='word_1_352' title='bbox 1080 3785 1257 3862; x_wconf 85' lang='lat' dir='ltr'><strong>indoles&amp;</strong></span> <span class='ocrx_word' id='word_1_353' title='bbox 1273 3786 1490 3880; x_wconf 69' lang='lat' dir='ltr'><strong>proprietates</strong></span> <span class='ocrx_word' id='word_1_354' title='bbox 1510 3795 1658 3854; x_wconf 68' lang='lat' dir='ltr'><strong>oriuntur</strong></span> 
     </span>
     <span class='ocr_line' id='line_1_37' title="bbox 265 3874 1656 3988; baseline -0.006 -34"><span class='ocrx_word' id='word_1_355' title='bbox 265 3903 305 3957; x_wconf 83' lang='lat' dir='ltr'><strong>ac</strong></span> <span class='ocrx_word' id='word_1_356' title='bbox 331 3882 605 3962; x_wconf 79' lang='lat' dir='ltr'><strong>demonstrantur.</strong></span> <span class='ocrx_word' id='word_1_357' title='bbox 645 3883 730 3960; x_wconf 85' lang='lat' dir='ltr'><strong>Ciun</strong></span> <span class='ocrx_word' id='word_1_358' title='bbox 753 3883 855 3981; x_wconf 84' lang='lat' dir='ltr'><strong>igitur</strong></span> <span class='ocrx_word' id='word_1_359' title='bbox 880 3886 994 3960; x_wconf 89' lang='lat' dir='ltr'><strong>omnia</strong></span> <span class='ocrx_word' id='word_1_360' title='bbox 1015 3905 1158 3980; x_wconf 82' lang='lat' dir='ltr'><strong>corpora</strong></span> <span class='ocrx_word' id='word_1_361' title='bbox 1180 3881 1342 3957; x_wconf 82' lang='lat' dir='ltr'><strong>terrestria</strong></span> <span class='ocrx_word' id='word_1_362' title='bbox 1366 3901 1432 3956; x_wconf 90' lang='lat' dir='ltr'><strong>tam</strong></span> <span class='ocrx_word' id='word_1_363' title='bbox 1457 3874 1569 3954; x_wconf 66' lang='lat' dir='ltr'><strong>vetite</strong></span> <span class='ocrx_word' id='word_1_364' title='bbox 1598 3875 1656 3988; x_wconf 65' lang='lat' dir='ltr'><strong>bo·</strong></span> 
     </span>
     <span class='ocr_line' id='line_1_38' title="bbox 264 3965 1658 4082; baseline -0.006 -31"><span class='ocrx_word' id='word_1_365' title='bbox 264 3965 354 4065; x_wconf 85' lang='lat' dir='ltr'><strong>lem,</strong></span> <span class='ocrx_word' id='word_1_366' title='bbox 390 3983 489 4078; x_wconf 75' lang='lat' dir='ltr'><strong>quam</strong></span> <span class='ocrx_word' id='word_1_367' title='bbox 503 3976 616 4060; x_wconf 76' lang='lat' dir='ltr'><strong>versiae</strong></span> <span class='ocrx_word' id='word_1_368' title='bbox 634 3978 762 4060; x_wconf 85' lang='lat' dir='ltr'><strong>Lunam</strong></span> <span class='ocrx_word' id='word_1_369' title='bbox 787 3981 950 4082; x_wconf 86' lang='lat' dir='ltr'><strong>perpetub</strong></span> <span class='ocrx_word' id='word_1_370' title='bbox 965 3983 1199 4058; x_wconf 74' lang='lat' dir='ltr'><strong>sollicitentur,</strong></span> <span class='ocrx_word' id='word_1_371' title='bbox 1225 3980 1320 4056; x_wconf 84' lang='lat' dir='ltr'><strong>causa</strong></span> <span class='ocrx_word' id='word_1_372' title='bbox 1343 3981 1436 4073; x_wconf 77' lang='lat' dir='ltr'><strong>hujus</strong></span> <span class='ocrx_word' id='word_1_373' title='bbox 1456 3974 1658 4050; x_wconf 77' lang='lat' dir='ltr'><strong>sollicitatio·</strong></span> 
     </span>
     <span class='ocr_line' id='line_1_39' title="bbox 265 4069 1658 4176; baseline -0.009 -24"><span class='ocrx_word' id='word_1_374' title='bbox 265 4073 317 4152; x_wconf 84' lang='lat' dir='ltr'><strong>ttie</strong></span> <span class='ocrx_word' id='word_1_375' title='bbox 336 4079 499 4154; x_wconf 90' lang='lat' dir='ltr'><strong>continuo</strong></span> <span class='ocrx_word' id='word_1_376' title='bbox 530 4105 548 4153; x_wconf 87' lang='lat' dir='ltr'><strong>a</strong></span> <span class='ocrx_word' id='word_1_377' title='bbox 575 4075 676 4176; x_wconf 91' lang='lat' dir='ltr'><strong>pulsui</strong></span> <span class='ocrx_word' id='word_1_378' title='bbox 694 4081 850 4171; x_wconf 76' lang='lat' dir='ltr'><strong>materiae</strong></span> <span class='ocrx_word' id='word_1_379' title='bbox 877 4081 1041 4173; x_wconf 84' lang='lat' dir='ltr'><strong>cuiusdam</strong></span> <span class='ocrx_word' id='word_1_380' title='bbox 1064 4077 1213 4157; x_wconf 86' lang='lat' dir='ltr'><strong>subtilis,</strong></span> <span class='ocrx_word' id='word_1_381' title='bbox 1233 4082 1289 4152; x_wconf 89' lang='lat' dir='ltr'><strong>vel</strong></span> <span class='ocrx_word' id='word_1_382' title='bbox 1303 4078 1337 4158; x_wconf 92' lang='lat' dir='ltr'><strong>vi</strong></span> <span class='ocrx_word' id='word_1_383' title='bbox 1352 4069 1549 4166; x_wconf 82' lang='lat' dir='ltr'><strong>centrisogae</strong></span> <span class='ocrx_word' id='word_1_384' title='bbox 1564 4069 1658 4141; x_wconf 82' lang='lat' dir='ltr'><strong>simi-</strong></span> 
     </span>
     <span class='ocr_line' id='line_1_40' title="bbox 263 4107 1659 4274; baseline -0.005 -23"><span class='ocrx_word' id='word_1_385' title='bbox 263 4176 301 4251; x_wconf 80' lang='lat' dir='ltr'><strong>lit</strong></span> <span class='ocrx_word' id='word_1_386' title='bbox 336 4176 485 4252; x_wconf 73' lang='lat' dir='ltr'><strong>materia</strong></span> <span class='ocrx_word' id='word_1_387' title='bbox 509 4107 610 4252; x_wconf 60' lang='lat' dir='ltr'><strong>tribui</strong></span> <span class='ocrx_word' id='word_1_388' title='bbox 634 4176 780 4254; x_wconf 88' lang='lat' dir='ltr'><strong>debebit.</strong></span> <span class='ocrx_word' id='word_1_389' title='bbox 839 4176 944 4253; x_wconf 89' lang='lat' dir='ltr'><strong>Priori</strong></span> <span class='ocrx_word' id='word_1_390' title='bbox 977 4178 1078 4274; x_wconf 83' lang='lat' dir='ltr'><strong>igitur</strong></span> <span class='ocrx_word' id='word_1_391' title='bbox 1099 4175 1173 4251; x_wconf 88' lang='lat' dir='ltr'><strong>casu</strong></span> <span class='ocrx_word' id='word_1_392' title='bbox 1196 4176 1366 4251; x_wconf 84' lang='lat' dir='ltr'><strong>materiam</strong></span> <span class='ocrx_word' id='word_1_393' title='bbox 1390 4171 1536 4249; x_wconf 84' lang='lat' dir='ltr'><strong>subtilem</strong></span> <span class='ocrx_word' id='word_1_394' title='bbox 1564 4164 1659 4244; x_wconf 81' lang='lat' dir='ltr'><strong>statui</strong></span> 
     </span>
     <span class='ocr_line' id='line_1_41' title="bbox 263 4259 1658 4374; baseline -0.006 -28"><span class='ocrx_word' id='word_1_395' title='bbox 263 4290 474 4364; x_wconf 83' lang='lat' dir='ltr'><strong>oporteret,</strong></span> <span class='ocrx_word' id='word_1_396' title='bbox 503 4299 579 4374; x_wconf 86' lang='lat' dir='ltr'><strong>quae</strong></span> <span class='ocrx_word' id='word_1_397' title='bbox 606 4275 792 4352; x_wconf 82' lang='lat' dir='ltr'><strong>constanter</strong></span> <span class='ocrx_word' id='word_1_398' title='bbox 815 4273 939 4350; x_wconf 60' lang='lat' dir='ltr'><strong>summa</strong></span> <span class='ocrx_word' id='word_1_399' title='bbox 963 4269 1133 4370; x_wconf 84' lang='lat' dir='ltr'><strong>rapiditate</strong></span> <span class='ocrx_word' id='word_1_400' title='bbox 1154 4269 1231 4346; x_wconf 51' lang='lat' dir='ltr'><strong>c&#39;ittu¹</strong></span> <span class='ocrx_word' id='word_1_401' title='bbox 1249 4271 1292 4346; x_wconf 88' lang='lat' dir='ltr'><strong>ad</strong></span> <span class='ocrx_word' id='word_1_402' title='bbox 1307 4269 1416 4349; x_wconf 81' lang='lat' dir='ltr'><strong>Solem</strong></span> <span class='ocrx_word' id='word_1_403' title='bbox 1433 4265 1501 4344; x_wconf 87' lang='lat' dir='ltr'><strong>tltm</strong></span> <span class='ocrx_word' id='word_1_404' title='bbox 1528 4265 1571 4338; x_wconf 89' lang='lat' dir='ltr'><strong>ad</strong></span> <span class='ocrx_word' id='word_1_405' title='bbox 1591 4259 1658 4338; x_wconf 85' lang='lat' dir='ltr'><strong>Ln-</strong></span> 
     </span>
    </p>

    <p class='ocr_par' dir='ltr' id='par_1_11' title="bbox 184 4360 1874 4642">
     <span class='ocr_line' id='line_1_42' title="bbox 184 4360 1659 4470; baseline -0.005 -28"><span class='ocrx_word' id='word_1_406' title='bbox 184 4417 185 4420; x_wconf 56' lang='lat'><em>=</em></span> <span class='ocrx_word' id='word_1_407' title='bbox 266 4387 341 4443; x_wconf 85' lang='lat' dir='ltr'><strong>nam</strong></span> <span class='ocrx_word' id='word_1_408' title='bbox 365 4367 526 4450; x_wconf 79' lang='lat' dir='ltr'><strong>senemr:</strong></span> <span class='ocrx_word' id='word_1_409' title='bbox 550 4373 735 4470; x_wconf 87' lang='lat' dir='ltr'><strong>hujusmodt</strong></span> <span class='ocrx_word' id='word_1_410' title='bbox 762 4369 843 4447; x_wconf 89' lang='lat' dir='ltr'><strong>verb</strong></span> <span class='ocrx_word' id='word_1_411' title='bbox 865 4373 1052 4470; x_wconf 85' lang='lat' dir='ltr'><strong>hypothesis</strong></span> <span class='ocrx_word' id='word_1_412' title='bbox 1076 4373 1121 4443; x_wconf 89' lang='lat' dir='ltr'><strong>ob</strong></span> <span class='ocrx_word' id='word_1_413' title='bbox 1146 4367 1306 4442; x_wconf 84' lang='lat' dir='ltr'><strong>maximas</strong></span> <span class='ocrx_word' id='word_1_414' title='bbox 1328 4365 1561 4442; x_wconf 83' lang='lat' dir='ltr'><strong>difficultates,</strong></span> <span class='ocrx_word' id='word_1_415' title='bbox 1585 4360 1659 4458; x_wconf 90' lang='lat' dir='ltr'><strong>qui·</strong></span> 
     </span>
     <span class='ocr_line' id='line_1_43' title="bbox 266 4457 1874 4642; baseline -0.008 -101"><span class='ocrx_word' id='word_1_416' title='bbox 266 4460 388 4544; x_wconf 78' lang='lat' dir='ltr'><strong>busan</strong></span> <span class='ocrx_word' id='word_1_417' title='bbox 412 4469 579 4552; x_wconf 82' lang='lat' dir='ltr'><strong>involuta,</strong></span> <span class='ocrx_word' id='word_1_418' title='bbox 607 4469 738 4548; x_wconf 84' lang='lat' dir='ltr'><strong>admitti</strong></span> <span class='ocrx_word' id='word_1_419' title='bbox 759 4468 893 4545; x_wconf 75' lang='lat' dir='ltr'><strong>mimme</strong></span> <span class='ocrx_word' id='word_1_420' title='bbox 920 4467 1037 4642; x_wconf 63' lang='lat' dir='ltr'><strong>poteg.</strong></span> <span class='ocrx_word' id='word_1_421' title='bbox 1066 4465 1180 4540; x_wconf 80' lang='lat' dir='ltr'><strong>Pumb</strong></span> <span class='ocrx_word' id='word_1_422' title='bbox 1202 4461 1291 4536; x_wconf 87' lang='lat' dir='ltr'><strong>enim</strong></span> <span class='ocrx_word' id='word_1_423' title='bbox 1316 4459 1479 4561; x_wconf 86' lang='lat' dir='ltr'><strong>perpetvb</strong></span> <span class='ocrx_word' id='word_1_424' title='bbox 1501 4457 1660 4629; x_wconf 73' lang='lat' dir='ltr'><strong>novisbvl·</strong></span> <span class='ocrx_word' id='word_1_425' title='bbox 1868 4514 1874 4524; x_wconf 94' lang='lat'>.</span> 
     </span>
    </p>

    <p class='ocr_par' dir='ltr' id='par_1_12' title="bbox 319 4573 1658 4662">
     <span class='ocr_line' id='line_1_44' title="bbox 319 4573 1658 4662; baseline -0.008 -18"><span class='ocrx_word' id='word_1_426' title='bbox 319 4621 320 4626; x_wconf 65' lang='lat'><strong>,</strong></span> <span class='ocrx_word' id='word_1_427' title='bbox 504 4607 505 4612; x_wconf 65' lang='lat'><strong>,</strong></span> <span class='ocrx_word' id='word_1_428' title='bbox 1045 4589 1067 4638; x_wconf 92' lang='lat' dir='ltr'><strong>o</strong></span> <span class='ocrx_word' id='word_1_429' title='bbox 1107 4588 1127 4662; x_wconf 79' lang='lat'>3</span> <span class='ocrx_word' id='word_1_430' title='bbox 1216 4581 1219 4588; x_wconf 84' lang='lat'>·</span> <span class='ocrx_word' id='word_1_431' title='bbox 1566 4580 1592 4632; x_wconf 90' lang='lat' dir='ltr'><strong>rt</strong></span> <span class='ocrx_word' id='word_1_432' title='bbox 1617 4573 1658 4633; x_wconf 76' lang='lat' dir='ltr'><strong>trs</strong></span> 
     </span>
    </p>
   </div>
   <div class='ocr_carea' id='block_1_3' title="bbox 0 0 2226 5718">
    <p class='ocr_par' dir='ltr' id='par_1_13' title="bbox 0 0 2226 5718">
     <span class='ocr_line' id='line_1_45' title="bbox 0 0 2226 5718; baseline 0 0"><span class='ocrx_word' id='word_1_433' title='bbox 0 0 2226 5718; x_wconf 95' lang='lat' dir='ltr'><strong> </strong></span> 
     </span>
    </p>
   </div>
  </div>
 </body>
</html>
