<?xml version="1.0" encoding="UTF-8"?>
<!DOCTYPE html PUBLIC "-//W3C//DTD XHTML 1.0 Transitional//EN"
    "http://www.w3.org/TR/xhtml1/DTD/xhtml1-transitional.dtd">
<html xmlns="http://www.w3.org/1999/xhtml" xml:lang="en" lang="en">
 <head>
  <title>
</title>
<meta http-equiv="Content-Type" content="text/html;charset=utf-8" />
  <meta name='ocr-system' content='tesseract 3.04.00' />
  <meta name='ocr-capabilities' content='ocr_page ocr_carea ocr_par ocr_line ocrx_word'/>
</head>
<body>
  <div class='ocr_page' id='page_1' title='image "./philosophiaenat01eulegoog_0403.png"; bbox 0 0 4444 5718; ppageno 0'>
   <div class='ocr_carea' id='block_1_1' title="bbox 399 527 513 706">
    <p class='ocr_par' dir='ltr' id='par_1_1' title="bbox 399 527 513 706">
     <span class='ocr_line' id='line_1_1' title="bbox 399 527 513 608; baseline 0.026 -3"><span class='ocrx_word' id='word_1_1' title='bbox 399 527 513 608; x_wconf 73' lang='lat' dir='ltr'>cre.</span> 
     </span>
     <span class='ocr_line' id='line_1_2' title="bbox 424 627 498 706; baseline -0.041 0"><span class='ocrx_word' id='word_1_2' title='bbox 424 627 498 706; x_wconf 87' lang='lat' dir='ltr'>Vll.</span> 
     </span>
    </p>
   </div>
   <div class='ocr_carea' id='block_1_2' title="bbox 560 363 1760 462">
    <p class='ocr_par' dir='ltr' id='par_1_2' title="bbox 560 363 1760 462">
     <span class='ocr_line' id='line_1_3' title="bbox 560 363 1760 462; baseline -0.002 -16"><span class='ocrx_word' id='word_1_3' title='bbox 560 368 631 462; x_wconf 80' lang='lat'>362</span> <span class='ocrx_word' id='word_1_4' title='bbox 807 366 1128 458; x_wconf 79' lang='lat' dir='ltr'>quvrsrrro</span> <span class='ocrx_word' id='word_1_5' title='bbox 1160 363 1404 446; x_wconf 71' lang='lat' dir='ltr'>Partica</span> <span class='ocrx_word' id='word_1_6' title='bbox 1445 387 1499 447; x_wconf 83' lang='lat' dir='ltr'>tu</span> <span class='ocrx_word' id='word_1_7' title='bbox 1533 366 1760 447; x_wconf 74' lang='lat' dir='ltr'>Crocum</span> 
     </span>
    </p>
   </div>
   <div class='ocr_carea' id='block_1_3' title="bbox 556 519 1954 1312">
    <p class='ocr_par' dir='ltr' id='par_1_3' title="bbox 557 519 1952 896">
     <span class='ocr_line' id='line_1_4' title="bbox 558 519 1951 624; baseline 0.003 -24"><span class='ocrx_word' id='word_1_8' title='bbox 558 523 690 601; x_wconf 87' lang='lat' dir='ltr'>unicum</span> <span class='ocrx_word' id='word_1_9' title='bbox 709 523 961 600; x_wconf 74' lang='lat' dir='ltr'>Phanomenon</span> <span class='ocrx_word' id='word_1_10' title='bbox 986 519 1236 620; x_wconf 80' lang='lat' dir='ltr'>refragaretur,</span> <span class='ocrx_word' id='word_1_11' title='bbox 1260 549 1303 600; x_wconf 88' lang='lat' dir='ltr'>eo</span> <span class='ocrx_word' id='word_1_12' title='bbox 1329 525 1399 624; x_wconf 91' lang='lat' dir='ltr'>ipso</span> <span class='ocrx_word' id='word_1_13' title='bbox 1425 542 1498 604; x_wconf 90' lang='lat' dir='ltr'>tota</span> <span class='ocrx_word' id='word_1_14' title='bbox 1522 526 1652 602; x_wconf 91' lang='lat' dir='ltr'>theoria</span> <span class='ocrx_word' id='word_1_15' title='bbox 1681 525 1951 618; x_wconf 70' lang='lat' dir='ltr'>subvertereturt</span> 
     </span>
     <span class='ocr_line' id='line_1_5' title="bbox 560 619 1952 736; baseline 0.001 -38"><span class='ocrx_word' id='word_1_16' title='bbox 560 647 659 736; x_wconf 88' lang='lat' dir='ltr'>quam</span> <span class='ocrx_word' id='word_1_17' title='bbox 683 626 729 700; x_wconf 90' lang='lat' dir='ltr'>ob</span> <span class='ocrx_word' id='word_1_18' title='bbox 753 621 882 699; x_wconf 89' lang='lat' dir='ltr'>causam</span> <span class='ocrx_word' id='word_1_19' title='bbox 909 619 1135 724; x_wconf 70' lang='lat' dir='ltr'>prolixitatem</span> <span class='ocrx_word' id='word_1_20' title='bbox 1157 622 1281 698; x_wconf 81' lang='lat' dir='ltr'>nostrae</span> <span class='ocrx_word' id='word_1_21' title='bbox 1294 625 1521 709; x_wconf 70' lang='lat' dir='ltr'>uacationis,</span> <span class='ocrx_word' id='word_1_22' title='bbox 1546 640 1646 722; x_wconf 91' lang='lat' dir='ltr'>atque</span> <span class='ocrx_word' id='word_1_23' title='bbox 1667 623 1952 722; x_wconf 86' lang='lat' dir='ltr'>transgrelsronem</span> 
     </span>
     <span class='ocr_line' id='line_1_6' title="bbox 557 717 1952 818; baseline 0.004 -22"><span class='ocrx_word' id='word_1_24' title='bbox 557 721 698 798; x_wconf 76' lang='lat' dir='ltr'>limitum</span> <span class='ocrx_word' id='word_1_25' title='bbox 734 718 1000 818; x_wconf 88' lang='lat' dir='ltr'>praescriptorum</span> <span class='ocrx_word' id='word_1_26' title='bbox 1026 718 1123 796; x_wconf 86' lang='lat' dir='ltr'>nobis</span> <span class='ocrx_word' id='word_1_27' title='bbox 1151 717 1218 796; x_wconf 89' lang='lat' dir='ltr'>line</span> <span class='ocrx_word' id='word_1_28' title='bbox 1245 720 1438 800; x_wconf 87' lang='lat' dir='ltr'>difficultate</span> <span class='ocrx_word' id='word_1_29' title='bbox 1475 724 1705 802; x_wconf 82' lang='lat' dir='ltr'>condonatum</span> <span class='ocrx_word' id='word_1_30' title='bbox 1743 722 1784 800; x_wconf 92' lang='lat' dir='ltr'>iri</span> <span class='ocrx_word' id='word_1_31' title='bbox 1807 722 1952 802; x_wconf 52' lang='lat' dir='ltr'>confidi</span> 
     </span>
     <span class='ocr_line' id='line_1_7' title="bbox 558 843 1054 896; baseline 0.006 -2"><span class='ocrx_word' id='word_1_32' title='bbox 558 843 640 896; x_wconf 84' lang='lat' dir='ltr'>mus.</span> <span class='ocrx_word' id='word_1_33' title='bbox 1051 845 1054 852; x_wconf 49' lang='lat'><em>¹</em></span> 
     </span>
    </p>

    <p class='ocr_par' dir='ltr' id='par_1_4' title="bbox 556 913 1954 1312">
     <span class='ocr_line' id='line_1_8' title="bbox 606 913 1951 1013; baseline 0.003 -19"><span class='ocrx_word' id='word_1_34' title='bbox 606 920 641 1013; x_wconf 83' lang='lat'>§.</span> <span class='ocrx_word' id='word_1_35' title='bbox 666 939 746 1010; x_wconf 85' lang='lat'>113.</span> <span class='ocrx_word' id='word_1_36' title='bbox 770 913 915 990; x_wconf 86' lang='lat' dir='ltr'>Primlrm</span> <span class='ocrx_word' id='word_1_37' title='bbox 939 929 1048 990; x_wconf 90' lang='lat' dir='ltr'>autem</span> <span class='ocrx_word' id='word_1_38' title='bbox 1074 914 1281 1010; x_wconf 89' lang='lat' dir='ltr'>perspicuum</span> <span class='ocrx_word' id='word_1_39' title='bbox 1308 919 1381 1002; x_wconf 85' lang='lat' dir='ltr'>eli,</span> <span class='ocrx_word' id='word_1_40' title='bbox 1416 934 1542 993; x_wconf 89' lang='lat' dir='ltr'>motum</span> <span class='ocrx_word' id='word_1_41' title='bbox 1569 917 1677 996; x_wconf 85' lang='lat' dir='ltr'>Maris</span> <span class='ocrx_word' id='word_1_42' title='bbox 1704 917 1951 998; x_wconf 83' lang='lat' dir='ltr'>horizontalem</span> 
     </span>
     <span class='ocr_line' id='line_1_9' title="bbox 557 1011 1952 1114; baseline 0.001 -24"><span class='ocrx_word' id='word_1_43' title='bbox 557 1039 627 1113; x_wconf 89' lang='lat' dir='ltr'>quo</span> <span class='ocrx_word' id='word_1_44' title='bbox 651 1017 706 1096; x_wconf 88' lang='lat' dir='ltr'>vel</span> <span class='ocrx_word' id='word_1_45' title='bbox 730 1013 845 1092; x_wconf 86' lang='lat' dir='ltr'>verslrs</span> <span class='ocrx_word' id='word_1_46' title='bbox 859 1011 1021 1089; x_wconf 84' lang='lat' dir='ltr'>orientem</span> <span class='ocrx_word' id='word_1_47' title='bbox 1036 1015 1092 1090; x_wconf 89' lang='lat' dir='ltr'>vel</span> <span class='ocrx_word' id='word_1_48' title='bbox 1110 1017 1326 1093; x_wconf 89' lang='lat' dir='ltr'>occidentem</span> <span class='ocrx_word' id='word_1_49' title='bbox 1351 1016 1589 1114; x_wconf 76' lang='lat' dir='ltr'>progreditur,</span> <span class='ocrx_word' id='word_1_50' title='bbox 1613 1020 1661 1092; x_wconf 94' lang='lat' dir='ltr'>ob</span> <span class='ocrx_word' id='word_1_51' title='bbox 1685 1015 1830 1092; x_wconf 83' lang='lat' dir='ltr'>Terram</span> <span class='ocrx_word' id='word_1_52' title='bbox 1851 1016 1952 1092; x_wconf 91' lang='lat' dir='ltr'>inter·</span> 
     </span>
     <span class='ocr_line' id='line_1_10' title="bbox 556 1111 1954 1214; baseline 0.003 -28"><span class='ocrx_word' id='word_1_53' title='bbox 556 1111 697 1209; x_wconf 89' lang='lat' dir='ltr'>posrtam</span> <span class='ocrx_word' id='word_1_54' title='bbox 719 1138 788 1189; x_wconf 90' lang='lat' dir='ltr'>nou</span> <span class='ocrx_word' id='word_1_55' title='bbox 812 1115 916 1188; x_wconf 89' lang='lat' dir='ltr'>solum</span> <span class='ocrx_word' id='word_1_56' title='bbox 928 1111 1155 1208; x_wconf 83' lang='lat' dir='ltr'>perturbari,</span> <span class='ocrx_word' id='word_1_57' title='bbox 1178 1114 1294 1193; x_wconf 84' lang='lat' dir='ltr'>verirm</span> <span class='ocrx_word' id='word_1_58' title='bbox 1318 1118 1417 1192; x_wconf 89' lang='lat' dir='ltr'>etiam</span> <span class='ocrx_word' id='word_1_59' title='bbox 1438 1113 1784 1214; x_wconf 88' lang='lat' dir='ltr'>quandoqueprorsus</span> <span class='ocrx_word' id='word_1_60' title='bbox 1805 1112 1954 1211; x_wconf 86' lang='lat' dir='ltr'>impedi-¹</span> 
     </span>
     <span class='ocr_line' id='line_1_11' title="bbox 557 1207 1950 1312; baseline 0.004 -29"><span class='ocrx_word' id='word_1_61' title='bbox 557 1209 742 1289; x_wconf 89' lang='lat' dir='ltr'>ridebere.</span> <span class='ocrx_word' id='word_1_62' title='bbox 791 1211 895 1308; x_wconf 73' lang='lat' dir='ltr'>Supra</span> <span class='ocrx_word' id='word_1_63' title='bbox 918 1211 1007 1282; x_wconf 86' lang='lat' dir='ltr'>enim</span> <span class='ocrx_word' id='word_1_64' title='bbox 1036 1207 1260 1299; x_wconf 81' lang='lat' dir='ltr'>ostendimus,</span> <span class='ocrx_word' id='word_1_65' title='bbox 1286 1217 1401 1293; x_wconf 85' lang='lat' dir='ltr'>litata</span> <span class='ocrx_word' id='word_1_66' title='bbox 1422 1213 1531 1288; x_wconf 85' lang='lat' dir='ltr'>Terra</span> <span class='ocrx_word' id='word_1_67' title='bbox 1558 1212 1645 1312; x_wconf 73' lang='lat' dir='ltr'>aqud</span> <span class='ocrx_word' id='word_1_68' title='bbox 1670 1212 1748 1288; x_wconf 81' lang='lat' dir='ltr'>effer</span> <span class='ocrx_word' id='word_1_69' title='bbox 1773 1209 1918 1288; x_wconf 80' lang='lat' dir='ltr'>circumi</span> <span class='ocrx_word' id='word_1_70' title='bbox 1937 1249 1950 1269; x_wconf 91' lang='lat'>·</span> 
     </span>
    </p>
   </div>
   <div class='ocr_carea' id='block_1_4' title="bbox 541 1293 1954 1413">
    <p class='ocr_par' dir='ltr' id='par_1_5' title="bbox 541 1293 1954 1413">
     <span class='ocr_line' id='line_1_12' title="bbox 541 1293 1954 1413; baseline 0.006 -32"><span class='ocrx_word' id='word_1_71' title='bbox 541 1307 618 1404; x_wconf 77' lang='lat' dir='ltr'>sa,</span> <span class='ocrx_word' id='word_1_72' title='bbox 650 1328 719 1386; x_wconf 89' lang='lat' dir='ltr'>tum</span> <span class='ocrx_word' id='word_1_73' title='bbox 739 1309 863 1406; x_wconf 89' lang='lat' dir='ltr'>ubique</span> <span class='ocrx_word' id='word_1_74' title='bbox 875 1308 919 1384; x_wconf 85' lang='lat' dir='ltr'>nd</span> <span class='ocrx_word' id='word_1_75' title='bbox 931 1303 1073 1384; x_wconf 84' lang='lat' dir='ltr'>Fluxum</span> <span class='ocrx_word' id='word_1_76' title='bbox 1092 1309 1304 1390; x_wconf 83' lang='lat' dir='ltr'>formandum</span> <span class='ocrx_word' id='word_1_77' title='bbox 1319 1337 1438 1413; x_wconf 91' lang='lat' dir='ltr'>aquam</span> <span class='ocrx_word' id='word_1_78' title='bbox 1450 1314 1493 1388; x_wconf 90' lang='lat' dir='ltr'>ab</span> <span class='ocrx_word' id='word_1_79' title='bbox 1520 1309 1648 1387; x_wconf 88' lang='lat' dir='ltr'>oriente</span> <span class='ocrx_word' id='word_1_80' title='bbox 1662 1309 1781 1386; x_wconf 83' lang='lat' dir='ltr'>advehi</span> <span class='ocrx_word' id='word_1_81' title='bbox 1796 1293 1954 1390; x_wconf 69' lang='lat' dir='ltr'>debere,¹</span> 
     </span>
    </p>
   </div>
   <div class='ocr_carea' id='block_1_5' title="bbox 557 1406 1953 2070">
    <p class='ocr_par' dir='ltr' id='par_1_6' title="bbox 557 1406 1953 2070">
     <span class='ocr_line' id='line_1_13' title="bbox 558 1406 1951 1503; baseline 0.004 -24"><span class='ocrx_word' id='word_1_82' title='bbox 558 1424 636 1484; x_wconf 84' lang='lat' dir='ltr'>ante</span> <span class='ocrx_word' id='word_1_83' title='bbox 661 1407 823 1484; x_wconf 80' lang='lat' dir='ltr'>refluxum</span> <span class='ocrx_word' id='word_1_84' title='bbox 854 1421 963 1482; x_wconf 89' lang='lat' dir='ltr'>autern</span> <span class='ocrx_word' id='word_1_85' title='bbox 989 1407 1105 1484; x_wconf 77' lang='lat' dir='ltr'>versiae</span> <span class='ocrx_word' id='word_1_86' title='bbox 1131 1427 1240 1486; x_wconf 91' lang='lat' dir='ltr'>ortum</span> <span class='ocrx_word' id='word_1_87' title='bbox 1267 1411 1426 1488; x_wconf 89' lang='lat' dir='ltr'>defluere.</span> <span class='ocrx_word' id='word_1_88' title='bbox 1494 1407 1600 1502; x_wconf 79' lang='lat' dir='ltr'>Quod</span> <span class='ocrx_word' id='word_1_89' title='bbox 1627 1406 1653 1481; x_wconf 82' lang='lat' dir='ltr'>st</span> <span class='ocrx_word' id='word_1_90' title='bbox 1680 1431 1763 1503; x_wconf 87' lang='lat' dir='ltr'>ergo</span> <span class='ocrx_word' id='word_1_91' title='bbox 1792 1407 1951 1486; x_wconf 83' lang='lat' dir='ltr'>Oceanus</span> 
     </span>
     <span class='ocr_line' id='line_1_14' title="bbox 558 1503 1953 1605; baseline 0.004 -26"><span class='ocrx_word' id='word_1_92' title='bbox 558 1503 673 1582; x_wconf 81' lang='lat' dir='ltr'>versirs</span> <span class='ocrx_word' id='word_1_93' title='bbox 696 1507 857 1582; x_wconf 87' lang='lat' dir='ltr'>orientem</span> <span class='ocrx_word' id='word_1_94' title='bbox 878 1503 995 1585; x_wconf 88' lang='lat' dir='ltr'>Terris</span> <span class='ocrx_word' id='word_1_95' title='bbox 1016 1506 1233 1591; x_wconf 68' lang='lat' dir='ltr'>terminetur,</span> <span class='ocrx_word' id='word_1_96' title='bbox 1255 1509 1326 1587; x_wconf 88' lang='lat' dir='ltr'>fieri</span> <span class='ocrx_word' id='word_1_97' title='bbox 1348 1511 1487 1585; x_wconf 90' lang='lat' dir='ltr'>omnino</span> <span class='ocrx_word' id='word_1_98' title='bbox 1508 1507 1622 1605; x_wconf 90' lang='lat' dir='ltr'>nequit</span> <span class='ocrx_word' id='word_1_99' title='bbox 1655 1519 1806 1601; x_wconf 87' lang='lat' dir='ltr'>tempore</span> <span class='ocrx_word' id='word_1_100' title='bbox 1825 1503 1953 1584; x_wconf 77' lang='lat' dir='ltr'>Fluxds</span> 
     </span>
     <span class='ocr_line' id='line_1_15' title="bbox 557 1602 1953 1704; baseline 0.004 -28"><span class='ocrx_word' id='word_1_101' title='bbox 557 1602 690 1680; x_wconf 85' lang='lat' dir='ltr'>adhaec</span> <span class='ocrx_word' id='word_1_102' title='bbox 717 1605 829 1680; x_wconf 82' lang='lat' dir='ltr'>littora</span> <span class='ocrx_word' id='word_1_103' title='bbox 852 1629 937 1704; x_wconf 90' lang='lat' dir='ltr'>aqua</span> <span class='ocrx_word' id='word_1_104' title='bbox 962 1606 1153 1683; x_wconf 80' lang='lat' dir='ltr'>oboriente</span> <span class='ocrx_word' id='word_1_105' title='bbox 1178 1607 1317 1692; x_wconf 91' lang='lat' dir='ltr'>affluat,</span> <span class='ocrx_word' id='word_1_106' title='bbox 1361 1633 1429 1704; x_wconf 90' lang='lat' dir='ltr'>quo</span> <span class='ocrx_word' id='word_1_107' title='bbox 1452 1606 1520 1704; x_wconf 88' lang='lat' dir='ltr'>ipso</span> <span class='ocrx_word' id='word_1_108' title='bbox 1547 1605 1654 1700; x_wconf 86' lang='lat' dir='ltr'>cursus</span> <span class='ocrx_word' id='word_1_109' title='bbox 1676 1626 1773 1701; x_wconf 86' lang='lat' dir='ltr'>aquae</span> <span class='ocrx_word' id='word_1_110' title='bbox 1796 1607 1953 1682; x_wconf 81' lang='lat' dir='ltr'>naturali,</span> 
     </span>
     <span class='ocr_line' id='line_1_16' title="bbox 557 1699 1951 1813; baseline 0.005 -39"><span class='ocrx_word' id='word_1_111' title='bbox 557 1700 688 1813; x_wconf 75' lang='lat' dir='ltr'>penitius</span> <span class='ocrx_word' id='word_1_112' title='bbox 707 1701 915 1799; x_wconf 82' lang='lat' dir='ltr'>impedietur.</span> <span class='ocrx_word' id='word_1_113' title='bbox 942 1705 1111 1801; x_wconf 84' lang='lat' dir='ltr'>Quoniam</span> <span class='ocrx_word' id='word_1_114' title='bbox 1139 1725 1247 1782; x_wconf 87' lang='lat' dir='ltr'>autem</span> <span class='ocrx_word' id='word_1_115' title='bbox 1263 1711 1349 1788; x_wconf 88' lang='lat' dir='ltr'>vires</span> <span class='ocrx_word' id='word_1_116' title='bbox 1369 1707 1455 1781; x_wconf 86' lang='lat' dir='ltr'>Solis</span> <span class='ocrx_word' id='word_1_117' title='bbox 1474 1729 1513 1794; x_wconf 82' lang='lat' dir='ltr'>ac</span> <span class='ocrx_word' id='word_1_118' title='bbox 1535 1699 1640 1777; x_wconf 81' lang='lat' dir='ltr'>Lunae</span> <span class='ocrx_word' id='word_1_119' title='bbox 1662 1699 1875 1776; x_wconf 73' lang='lat' dir='ltr'>nihilominus</span> <span class='ocrx_word' id='word_1_120' title='bbox 1901 1704 1951 1781; x_wconf 79' lang='lat' dir='ltr'>tris</span> 
     </span>
     <span class='ocr_line' id='line_1_17' title="bbox 557 1801 1949 1897; baseline 0.004 -26"><span class='ocrx_word' id='word_1_121' title='bbox 557 1821 591 1871; x_wconf 91' lang='lat' dir='ltr'>m</span> <span class='ocrx_word' id='word_1_122' title='bbox 615 1801 810 1896; x_wconf 83' lang='lat' dir='ltr'>regionibus</span> <span class='ocrx_word' id='word_1_123' title='bbox 821 1802 921 1878; x_wconf 85' lang='lat' dir='ltr'>Mare</span> <span class='ocrx_word' id='word_1_124' title='bbox 935 1809 1085 1882; x_wconf 87' lang='lat' dir='ltr'>attollere</span> <span class='ocrx_word' id='word_1_125' title='bbox 1095 1823 1270 1889; x_wconf 88' lang='lat' dir='ltr'>conantur,</span> <span class='ocrx_word' id='word_1_126' title='bbox 1282 1801 1441 1884; x_wconf 69' lang='lat' dir='ltr'>effectum</span> <span class='ocrx_word' id='word_1_127' title='bbox 1459 1803 1616 1897; x_wconf 83' lang='lat' dir='ltr'>consequi</span> <span class='ocrx_word' id='word_1_128' title='bbox 1629 1825 1695 1875; x_wconf 91' lang='lat' dir='ltr'>non</span> <span class='ocrx_word' id='word_1_129' title='bbox 1711 1815 1882 1896; x_wconf 81' lang='lat' dir='ltr'>poterunt,</span> <span class='ocrx_word' id='word_1_130' title='bbox 1894 1801 1949 1878; x_wconf 90' lang='lat' dir='ltr'>ni-</span> 
     </span>
     <span class='ocr_line' id='line_1_18' title="bbox 558 1893 1951 2070; baseline 0.003 -100"><span class='ocrx_word' id='word_1_131' title='bbox 558 1893 684 1998; x_wconf 86' lang='lat' dir='ltr'>liaqua</span> <span class='ocrx_word' id='word_1_132' title='bbox 697 1900 740 1973; x_wconf 90' lang='lat' dir='ltr'>ab</span> <span class='ocrx_word' id='word_1_133' title='bbox 763 1899 955 1980; x_wconf 86' lang='lat' dir='ltr'>Occidente</span> <span class='ocrx_word' id='word_1_134' title='bbox 979 1903 1159 1981; x_wconf 89' lang='lat' dir='ltr'>afferatur:</span> <span class='ocrx_word' id='word_1_135' title='bbox 1185 1905 1230 1980; x_wconf 87' lang='lat' dir='ltr'>fic</span> <span class='ocrx_word' id='word_1_136' title='bbox 1243 1907 1379 2000; x_wconf 89' lang='lat' dir='ltr'>quando</span> <span class='ocrx_word' id='word_1_137' title='bbox 1399 1903 1443 1980; x_wconf 95' lang='lat' dir='ltr'>ad</span> <span class='ocrx_word' id='word_1_138' title='bbox 1457 1901 1567 1976; x_wconf 81' lang='lat' dir='ltr'>littora</span> <span class='ocrx_word' id='word_1_139' title='bbox 1589 1901 1733 2070; x_wconf 77' lang='lat' dir='ltr'>Europae</span> <span class='ocrx_word' id='word_1_140' title='bbox 1758 1921 1842 1995; x_wconf 85' lang='lat' dir='ltr'>aqua</span> <span class='ocrx_word' id='word_1_141' title='bbox 1866 1899 1951 1978; x_wconf 79' lang='lat' dir='ltr'>rvi-</span> 
     </span>
    </p>
   </div>
   <div class='ocr_carea' id='block_1_6' title="bbox 516 1993 1948 2100">
    <p class='ocr_par' dir='ltr' id='par_1_7' title="bbox 516 1993 1948 2100">
     <span class='ocr_line' id='line_1_19' title="bbox 516 1993 1948 2100; baseline 0.004 -32"><span class='ocrx_word' id='word_1_142' title='bbox 516 2009 520 2025; x_wconf 72' lang='lat'><em>*</em></span> <span class='ocrx_word' id='word_1_143' title='bbox 560 1993 650 2071; x_wconf 90' lang='lat' dir='ltr'>ribus</span> <span class='ocrx_word' id='word_1_144' title='bbox 670 1997 754 2076; x_wconf 88' lang='lat' dir='ltr'>Solis</span> <span class='ocrx_word' id='word_1_145' title='bbox 772 2021 812 2073; x_wconf 91' lang='lat' dir='ltr'>ac</span> <span class='ocrx_word' id='word_1_146' title='bbox 831 1999 936 2076; x_wconf 86' lang='lat' dir='ltr'>Lunae</span> <span class='ocrx_word' id='word_1_147' title='bbox 961 2004 1134 2086; x_wconf 89' lang='lat' dir='ltr'>elevatur,</span> <span class='ocrx_word' id='word_1_148' title='bbox 1160 2026 1248 2100; x_wconf 83' lang='lat' dir='ltr'>aqua</span> <span class='ocrx_word' id='word_1_149' title='bbox 1277 2005 1319 2080; x_wconf 91' lang='lat' dir='ltr'>ab</span> <span class='ocrx_word' id='word_1_150' title='bbox 1338 2001 1529 2079; x_wconf 86' lang='lat' dir='ltr'>Occidente</span> <span class='ocrx_word' id='word_1_151' title='bbox 1556 1993 1599 2072; x_wconf 81' lang='lat' dir='ltr'>ed</span> <span class='ocrx_word' id='word_1_152' title='bbox 1628 1997 1671 2070; x_wconf 90' lang='lat' dir='ltr'>de</span> <span class='ocrx_word' id='word_1_153' title='bbox 1687 2009 1795 2070; x_wconf 69' lang='lat' dir='ltr'>eratin</span> <span class='ocrx_word' id='word_1_154' title='bbox 1822 1996 1948 2074; x_wconf 82' lang='lat' dir='ltr'>necesse</span> 
     </span>
    </p>
   </div>
   <div class='ocr_carea' id='block_1_7' title="bbox 553 2092 1956 4728">
    <p class='ocr_par' dir='ltr' id='par_1_8' title="bbox 555 2092 1954 3540">
     <span class='ocr_line' id='line_1_20' title="bbox 559 2092 1951 2206; baseline 0.004 -38"><span class='ocrx_word' id='word_1_155' title='bbox 559 2093 633 2206; x_wconf 70' lang='lat' dir='ltr'>cll,</span> <span class='ocrx_word' id='word_1_156' title='bbox 662 2099 705 2172; x_wconf 83' lang='lat' dir='ltr'>ab</span> <span class='ocrx_word' id='word_1_157' title='bbox 721 2096 759 2170; x_wconf 87' lang='lat' dir='ltr'>iis</span> <span class='ocrx_word' id='word_1_158' title='bbox 771 2094 894 2172; x_wconf 85' lang='lat' dir='ltr'>scilicet</span> <span class='ocrx_word' id='word_1_159' title='bbox 906 2101 1118 2196; x_wconf 82' lang='lat' dir='ltr'>regionibus,</span> <span class='ocrx_word' id='word_1_160' title='bbox 1134 2099 1193 2192; x_wconf 78' lang='lat' dir='ltr'>ubi</span> <span class='ocrx_word' id='word_1_161' title='bbox 1207 2123 1295 2196; x_wconf 91' lang='lat' dir='ltr'>aqua</span> <span class='ocrx_word' id='word_1_162' title='bbox 1319 2102 1439 2175; x_wconf 90' lang='lat' dir='ltr'>eodem</span> <span class='ocrx_word' id='word_1_163' title='bbox 1453 2117 1603 2196; x_wconf 91' lang='lat' dir='ltr'>tempore</span> <span class='ocrx_word' id='word_1_164' title='bbox 1616 2092 1820 2206; x_wconf 79' lang='lat' dir='ltr'>deprimetur</span> <span class='ocrx_word' id='word_1_165' title='bbox 1832 2121 1845 2188; x_wconf 92' lang='lat'>·,</span> <span class='ocrx_word' id='word_1_166' title='bbox 1859 2093 1951 2191; x_wconf 88' lang='lat' dir='ltr'>quod</span> 
     </span>
     <span class='ocr_line' id='line_1_21' title="bbox 557 2188 1951 2276; baseline 0.005 -13"><span class='ocrx_word' id='word_1_167' title='bbox 557 2191 648 2265; x_wconf 90' lang='lat' dir='ltr'>rdem</span> <span class='ocrx_word' id='word_1_168' title='bbox 675 2191 747 2268; x_wconf 88' lang='lat' dir='ltr'>lieri</span> <span class='ocrx_word' id='word_1_169' title='bbox 762 2196 868 2272; x_wconf 89' lang='lat' dir='ltr'>debet</span> <span class='ocrx_word' id='word_1_170' title='bbox 888 2200 931 2272; x_wconf 92' lang='lat' dir='ltr'>ad</span> <span class='ocrx_word' id='word_1_171' title='bbox 954 2197 1064 2272; x_wconf 89' lang='lat' dir='ltr'>littora</span> <span class='ocrx_word' id='word_1_172' title='bbox 1084 2195 1207 2273; x_wconf 87' lang='lat' dir='ltr'>Africae</span> <span class='ocrx_word' id='word_1_173' title='bbox 1222 2201 1258 2275; x_wconf 80' lang='grc' dir='ltr'>δι</span> <span class='ocrx_word' id='word_1_174' title='bbox 1280 2197 1445 2276; x_wconf 80' lang='lat' dir='ltr'>American</span> <span class='ocrx_word' id='word_1_175' title='bbox 1469 2192 1703 2276; x_wconf 77' lang='lat' dir='ltr'>occidentalia.</span> <span class='ocrx_word' id='word_1_176' title='bbox 1744 2188 1871 2266; x_wconf 75' lang='lat' dir='ltr'>Contra</span> <span class='ocrx_word' id='word_1_177' title='bbox 1891 2218 1951 2272; x_wconf 90' lang='lat' dir='ltr'>ve·</span> 
     </span>
     <span class='ocr_line' id='line_1_22' title="bbox 558 2285 1950 2388; baseline 0.005 -26"><span class='ocrx_word' id='word_1_178' title='bbox 558 2285 599 2363; x_wconf 80' lang='lat' dir='ltr'>ro</span> <span class='ocrx_word' id='word_1_179' title='bbox 620 2289 663 2364; x_wconf 91' lang='lat' dir='ltr'>ad</span> <span class='ocrx_word' id='word_1_180' title='bbox 689 2290 803 2369; x_wconf 88' lang='lat' dir='ltr'>littora</span> <span class='ocrx_word' id='word_1_181' title='bbox 831 2295 915 2371; x_wconf 85' lang='lat' dir='ltr'>Afiae</span> <span class='ocrx_word' id='word_1_182' title='bbox 930 2297 964 2369; x_wconf 80' lang='lat' dir='ltr'>dt</span> <span class='ocrx_word' id='word_1_183' title='bbox 980 2293 1143 2372; x_wconf 77' lang='lat' dir='ltr'>American</span> <span class='ocrx_word' id='word_1_184' title='bbox 1157 2293 1332 2372; x_wconf 87' lang='lat' dir='ltr'>orientalia</span> <span class='ocrx_word' id='word_1_185' title='bbox 1354 2321 1440 2388; x_wconf 87' lang='lat' dir='ltr'>aqua</span> <span class='ocrx_word' id='word_1_186' title='bbox 1463 2289 1602 2370; x_wconf 89' lang='lat' dir='ltr'>naturali</span> <span class='ocrx_word' id='word_1_187' title='bbox 1617 2307 1709 2366; x_wconf 92' lang='lat' dir='ltr'>motu</span> <span class='ocrx_word' id='word_1_188' title='bbox 1726 2285 1877 2374; x_wconf 85' lang='lat' dir='ltr'>feretur,</span> <span class='ocrx_word' id='word_1_189' title='bbox 1902 2309 1950 2369; x_wconf 85' lang='lat' dir='ltr'>at·</span> 
     </span>
     <span class='ocr_line' id='line_1_23' title="bbox 559 2386 1953 2483; baseline 0.004 -22"><span class='ocrx_word' id='word_1_190' title='bbox 559 2411 625 2483; x_wconf 92' lang='lat' dir='ltr'>que</span> <span class='ocrx_word' id='word_1_191' title='bbox 648 2390 681 2461; x_wconf 92' lang='lat' dir='ltr'>in</span> <span class='ocrx_word' id='word_1_192' title='bbox 709 2390 819 2466; x_wconf 79' lang='lat' dir='ltr'>Fluxu</span> <span class='ocrx_word' id='word_1_193' title='bbox 844 2396 886 2468; x_wconf 91' lang='lat' dir='ltr'>ab</span> <span class='ocrx_word' id='word_1_194' title='bbox 902 2393 1032 2469; x_wconf 91' lang='lat' dir='ltr'>oriente</span> <span class='ocrx_word' id='word_1_195' title='bbox 1056 2393 1240 2474; x_wconf 81' lang='lat' dir='ltr'>adveniet,</span> <span class='ocrx_word' id='word_1_196' title='bbox 1263 2391 1296 2467; x_wconf 90' lang='lat' dir='ltr'>in</span> <span class='ocrx_word' id='word_1_197' title='bbox 1318 2390 1562 2470; x_wconf 77' lang='lat' dir='ltr'>Refluxuverit</span> <span class='ocrx_word' id='word_1_198' title='bbox 1587 2386 1701 2467; x_wconf 81' lang='lat' dir='ltr'>verslrs</span> <span class='ocrx_word' id='word_1_199' title='bbox 1715 2387 1878 2464; x_wconf 90' lang='lat' dir='ltr'>orientem</span> <span class='ocrx_word' id='word_1_200' title='bbox 1899 2415 1953 2466; x_wconf 87' lang='lat' dir='ltr'>re·</span> 
     </span>
     <span class='ocr_line' id='line_1_24' title="bbox 558 2486 1949 2590; baseline 0.005 -31"><span class='ocrx_word' id='word_1_201' title='bbox 558 2486 666 2560; x_wconf 89' lang='lat' dir='ltr'>cedet.</span> <span class='ocrx_word' id='word_1_202' title='bbox 706 2486 802 2564; x_wconf 89' lang='lat' dir='ltr'>Vires</span> <span class='ocrx_word' id='word_1_203' title='bbox 823 2513 966 2588; x_wconf 81' lang='lat' dir='ltr'>namque</span> <span class='ocrx_word' id='word_1_204' title='bbox 979 2489 1064 2567; x_wconf 77' lang='lat' dir='ltr'>Solis</span> <span class='ocrx_word' id='word_1_205' title='bbox 1089 2517 1130 2568; x_wconf 91' lang='lat' dir='ltr'>ac</span> <span class='ocrx_word' id='word_1_206' title='bbox 1144 2493 1253 2566; x_wconf 87' lang='lat' dir='ltr'>Lunae</span> <span class='ocrx_word' id='word_1_207' title='bbox 1270 2511 1396 2565; x_wconf 88' lang='lat' dir='ltr'>motum</span> <span class='ocrx_word' id='word_1_208' title='bbox 1420 2517 1516 2590; x_wconf 88' lang='lat' dir='ltr'>aquae</span> <span class='ocrx_word' id='word_1_209' title='bbox 1540 2489 1780 2564; x_wconf 86' lang='lat' dir='ltr'>horizontalem</span> <span class='ocrx_word' id='word_1_210' title='bbox 1798 2509 1868 2562; x_wconf 91' lang='lat' dir='ltr'>non</span> <span class='ocrx_word' id='word_1_211' title='bbox 1889 2514 1949 2586; x_wconf 91' lang='lat' dir='ltr'>per</span> 
     </span>
     <span class='ocr_line' id='line_1_25' title="bbox 559 2581 1950 2685; baseline 0.004 -28"><span class='ocrx_word' id='word_1_212' title='bbox 559 2581 589 2657; x_wconf 91' lang='lat' dir='ltr'>se</span> <span class='ocrx_word' id='word_1_213' title='bbox 609 2583 853 2676; x_wconf 85' lang='lat' dir='ltr'>determinant,</span> <span class='ocrx_word' id='word_1_214' title='bbox 879 2589 935 2664; x_wconf 88' lang='lat' dir='ltr'>sed</span> <span class='ocrx_word' id='word_1_215' title='bbox 959 2592 1097 2665; x_wconf 71' lang='lat' dir='ltr'>eatenus</span> <span class='ocrx_word' id='word_1_216' title='bbox 1129 2603 1283 2668; x_wconf 90' lang='lat' dir='ltr'>tantum,</span> <span class='ocrx_word' id='word_1_217' title='bbox 1309 2593 1472 2685; x_wconf 77' lang='lat' dir='ltr'>qudtenus</span> <span class='ocrx_word' id='word_1_218' title='bbox 1494 2587 1565 2666; x_wconf 85' lang='lat' dir='ltr'>aliis</span> <span class='ocrx_word' id='word_1_219' title='bbox 1591 2586 1626 2661; x_wconf 88' lang='lat' dir='ltr'>ln</span> <span class='ocrx_word' id='word_1_220' title='bbox 1654 2585 1738 2658; x_wconf 85' lang='lat' dir='ltr'>locis</span> <span class='ocrx_word' id='word_1_221' title='bbox 1759 2608 1879 2680; x_wconf 87' lang='lat' dir='ltr'>aquam</span> <span class='ocrx_word' id='word_1_222' title='bbox 1897 2603 1950 2663; x_wconf 92' lang='lat' dir='ltr'>at-</span> 
     </span>
     <span class='ocr_line' id='line_1_26' title="bbox 558 2679 1946 2784; baseline 0.003 -31"><span class='ocrx_word' id='word_1_223' title='bbox 558 2679 705 2769; x_wconf 87' lang='lat' dir='ltr'>tollunt,</span> <span class='ocrx_word' id='word_1_224' title='bbox 742 2684 812 2760; x_wconf 88' lang='lat' dir='ltr'>aliis</span> <span class='ocrx_word' id='word_1_225' title='bbox 838 2685 922 2764; x_wconf 84' lang='lat' dir='ltr'>verd</span> <span class='ocrx_word' id='word_1_226' title='bbox 954 2691 1074 2764; x_wconf 90' lang='lat' dir='ltr'>eodem</span> <span class='ocrx_word' id='word_1_227' title='bbox 1113 2704 1263 2782; x_wconf 85' lang='lat' dir='ltr'>tempore</span> <span class='ocrx_word' id='word_1_228' title='bbox 1293 2687 1516 2784; x_wconf 87' lang='lat' dir='ltr'>deprimunt,·</span> <span class='ocrx_word' id='word_1_229' title='bbox 1553 2701 1652 2781; x_wconf 92' lang='lat' dir='ltr'>atque</span> <span class='ocrx_word' id='word_1_230' title='bbox 1679 2707 1766 2780; x_wconf 91' lang='lat' dir='ltr'>aqua</span> <span class='ocrx_word' id='word_1_231' title='bbox 1798 2685 1844 2758; x_wconf 91' lang='lat' dir='ltr'>ob</span> <span class='ocrx_word' id='word_1_232' title='bbox 1868 2707 1946 2778; x_wconf 90' lang='lat' dir='ltr'>pto·</span> 
     </span>
     <span class='ocr_line' id='line_1_27' title="bbox 558 2778 1954 2885; baseline 0.004 -33"><span class='ocrx_word' id='word_1_233' title='bbox 558 2778 663 2873; x_wconf 88' lang='lat' dir='ltr'>priam</span> <span class='ocrx_word' id='word_1_234' title='bbox 688 2781 886 2879; x_wconf 88' lang='lat' dir='ltr'>gravitatem</span> <span class='ocrx_word' id='word_1_235' title='bbox 909 2809 983 2860; x_wconf 92' lang='lat' dir='ltr'>eum</span> <span class='ocrx_word' id='word_1_236' title='bbox 1008 2783 1118 2881; x_wconf 85' lang='lat' dir='ltr'>seligit</span> <span class='ocrx_word' id='word_1_237' title='bbox 1141 2802 1268 2860; x_wconf 89' lang='lat' dir='ltr'>motum</span> <span class='ocrx_word' id='word_1_238' title='bbox 1294 2832 1305 2867; x_wconf 85' lang='lat'>,</span> <span class='ocrx_word' id='word_1_239' title='bbox 1334 2810 1401 2885; x_wconf 89' lang='lat' dir='ltr'>quo</span> <span class='ocrx_word' id='word_1_240' title='bbox 1428 2782 1583 2862; x_wconf 75' lang='lat' dir='ltr'>facillime</span> <span class='ocrx_word' id='word_1_241' title='bbox 1605 2785 1625 2860; x_wconf 75' lang='lat' dir='ltr'>’a</span> <span class='ocrx_word' id='word_1_242' title='bbox 1647 2779 1731 2858; x_wconf 90' lang='lat' dir='ltr'>locis</span> <span class='ocrx_word' id='word_1_243' title='bbox 1753 2780 1954 2881; x_wconf 73' lang='lat' dir='ltr'>quibusde·‘</span> 
     </span>
     <span class='ocr_line' id='line_1_28' title="bbox 558 2877 1950 2982; baseline 0.006 -32"><span class='ocrx_word' id='word_1_244' title='bbox 558 2877 731 2970; x_wconf 83' lang='lat' dir='ltr'>primitur,</span> <span class='ocrx_word' id='word_1_245' title='bbox 752 2881 886 2958; x_wconf 90' lang='lat' dir='ltr'>adloca</span> <span class='ocrx_word' id='word_1_246' title='bbox 911 2883 1029 2981; x_wconf 90' lang='lat' dir='ltr'>quibus</span> <span class='ocrx_word' id='word_1_247' title='bbox 1046 2884 1206 2959; x_wconf 90' lang='lat' dir='ltr'>attollitur</span> <span class='ocrx_word' id='word_1_248' title='bbox 1229 2899 1487 2977; x_wconf 87' lang='lat' dir='ltr'>promoveatur:</span> <span class='ocrx_word' id='word_1_249' title='bbox 1513 2885 1731 2982; x_wconf 91' lang='lat' dir='ltr'>quamobrem</span> <span class='ocrx_word' id='word_1_250' title='bbox 1751 2881 1811 2957; x_wconf 89' lang='lat' dir='ltr'>iste</span> <span class='ocrx_word' id='word_1_251' title='bbox 1838 2897 1950 2959; x_wconf 81' lang='lat' dir='ltr'>motus</span> 
     </span>
     <span class='ocr_line' id='line_1_29' title="bbox 557 2975 1948 3059; baseline 0.009 -13"><span class='ocrx_word' id='word_1_252' title='bbox 557 2975 701 3054; x_wconf 75' lang='lat' dir='ltr'>maxime</span> <span class='ocrx_word' id='word_1_253' title='bbox 719 2984 738 3054; x_wconf 73' lang='lat' dir='ltr'>a</span> <span class='ocrx_word' id='word_1_254' title='bbox 757 2978 877 3055; x_wconf 85' lang='lat' dir='ltr'>Terris</span> <span class='ocrx_word' id='word_1_255' title='bbox 901 3005 1065 3059; x_wconf 90' lang='lat' dir='ltr'>oceanum</span> <span class='ocrx_word' id='word_1_256' title='bbox 1090 2980 1333 3058; x_wconf 87' lang='lat' dir='ltr'>includentibus</span> <span class='ocrx_word' id='word_1_257' title='bbox 1355 2981 1587 3058; x_wconf 84' lang='lat' dir='ltr'>determinenu</span> <span class='ocrx_word' id='word_1_258' title='bbox 1602 2981 1728 3058; x_wconf 82' lang='lat' dir='ltr'>necesse</span> <span class='ocrx_word' id='word_1_259' title='bbox 1750 2979 1810 3055; x_wconf 90' lang='lat' dir='ltr'>est.</span> <span class='ocrx_word' id='word_1_260' title='bbox 1854 2977 1948 3058; x_wconf 88' lang='lat' dir='ltr'>Hinc</span> 
     </span>
     <span class='ocr_line' id='line_1_30' title="bbox 557 3068 1949 3176; baseline 0.002 -26"><span class='ocrx_word' id='word_1_261' title='bbox 557 3068 659 3166; x_wconf 85' lang='lat' dir='ltr'>igitur</span> <span class='ocrx_word' id='word_1_262' title='bbox 680 3075 852 3173; x_wconf 76' lang='lat' dir='ltr'>perspetid</span> <span class='ocrx_word' id='word_1_263' title='bbox 877 3077 1040 3171; x_wconf 87' lang='lat' dir='ltr'>politione</span> <span class='ocrx_word' id='word_1_264' title='bbox 1062 3077 1209 3157; x_wconf 88' lang='lat' dir='ltr'>littorum</span> <span class='ocrx_word' id='word_1_265' title='bbox 1232 3078 1372 3176; x_wconf 86' lang='lat' dir='ltr'>cujusvis</span> <span class='ocrx_word' id='word_1_266' title='bbox 1392 3076 1499 3157; x_wconf 86' lang='lat' dir='ltr'>Maris</span> <span class='ocrx_word' id='word_1_267' title='bbox 1523 3079 1619 3159; x_wconf 77' lang='lat' dir='ltr'>facile</span> <span class='ocrx_word' id='word_1_268' title='bbox 1646 3076 1776 3155; x_wconf 88' lang='lat' dir='ltr'>definiri</span> <span class='ocrx_word' id='word_1_269' title='bbox 1802 3076 1949 3175; x_wconf 84' lang='lat' dir='ltr'>poterit,</span> 
     </span>
     <span class='ocr_line' id='line_1_31' title="bbox 556 3169 1949 3278; baseline 0.003 -34"><span class='ocrx_word' id='word_1_270' title='bbox 556 3169 577 3240; x_wconf 78' lang='lat' dir='ltr'>a</span> <span class='ocrx_word' id='word_1_271' title='bbox 598 3193 742 3266; x_wconf 90' lang='lat' dir='ltr'>quanam</span> <span class='ocrx_word' id='word_1_272' title='bbox 767 3173 868 3271; x_wconf 68' lang='lat' dir='ltr'>plaga</span> <span class='ocrx_word' id='word_1_273' title='bbox 890 3199 913 3251; x_wconf 86' lang='lat' dir='ltr'>a</span> <span class='ocrx_word' id='word_1_274' title='bbox 938 3203 981 3256; x_wconf 93' lang='lat' dir='ltr'>ua</span> <span class='ocrx_word' id='word_1_275' title='bbox 998 3176 1034 3252; x_wconf 89' lang='lat' dir='ltr'>in</span> <span class='ocrx_word' id='word_1_276' title='bbox 1059 3177 1166 3256; x_wconf 83' lang='lat' dir='ltr'>Fluxu</span> <span class='ocrx_word' id='word_1_277' title='bbox 1193 3176 1329 3257; x_wconf 86' lang='lat' dir='ltr'>venire,</span> <span class='ocrx_word' id='word_1_278' title='bbox 1356 3177 1575 3278; x_wconf 86' lang='lat' dir='ltr'>quorsumque</span> <span class='ocrx_word' id='word_1_279' title='bbox 1595 3181 1629 3254; x_wconf 89' lang='lat' dir='ltr'>in</span> <span class='ocrx_word' id='word_1_280' title='bbox 1646 3175 1949 3251; x_wconf 82' lang='lat' dir='ltr'>Refluxudecede·</span> 
     </span>
     <span class='ocr_line' id='line_1_32' title="bbox 558 3268 1948 3392; baseline 0.005 -51"><span class='ocrx_word' id='word_1_281' title='bbox 558 3289 593 3341; x_wconf 93' lang='lat' dir='ltr'>re</span> <span class='ocrx_word' id='word_1_282' title='bbox 616 3268 763 3356; x_wconf 90' lang='lat' dir='ltr'>debeat,</span> <span class='ocrx_word' id='word_1_283' title='bbox 795 3272 820 3345; x_wconf 88' lang='lat' dir='ltr'>sr</span> <span class='ocrx_word' id='word_1_284' title='bbox 844 3274 949 3347; x_wconf 86' lang='lat' dir='ltr'>modo</span> <span class='ocrx_word' id='word_1_285' title='bbox 978 3275 1243 3354; x_wconf 84' lang='lat' dir='ltr'>elevationes&amp;</span> <span class='ocrx_word' id='word_1_286' title='bbox 1270 3276 1488 3372; x_wconf 82' lang='lat' dir='ltr'>depreffiones</span> <span class='ocrx_word' id='word_1_287' title='bbox 1515 3301 1610 3392; x_wconf 83' lang='lat' dir='ltr'>aquae</span> <span class='ocrx_word' id='word_1_288' title='bbox 1634 3297 1693 3372; x_wconf 90' lang='lat' dir='ltr'>per</span> <span class='ocrx_word' id='word_1_289' title='bbox 1713 3287 1821 3348; x_wconf 92' lang='lat' dir='ltr'>totum</span> <span class='ocrx_word' id='word_1_290' title='bbox 1845 3269 1948 3348; x_wconf 83' lang='lat' dir='ltr'>Mare</span> 
     </span>
     <span class='ocr_line' id='line_1_33' title="bbox 556 3370 1948 3473; baseline 0.006 -36"><span class='ocrx_word' id='word_1_291' title='bbox 556 3371 681 3445; x_wconf 80' lang='lat' dir='ltr'>attente</span> <span class='ocrx_word' id='word_1_292' title='bbox 703 3370 972 3449; x_wconf 85' lang='lat' dir='ltr'>considerentur:</span> <span class='ocrx_word' id='word_1_293' title='bbox 1004 3391 1076 3452; x_wconf 89' lang='lat' dir='ltr'>tota</span> <span class='ocrx_word' id='word_1_294' title='bbox 1102 3374 1189 3451; x_wconf 89' lang='lat' dir='ltr'>enim</span> <span class='ocrx_word' id='word_1_295' title='bbox 1213 3374 1286 3452; x_wconf 88' lang='lat' dir='ltr'>haec</span> <span class='ocrx_word' id='word_1_296' title='bbox 1308 3373 1448 3473; x_wconf 88' lang='lat' dir='ltr'>quaestio</span> <span class='ocrx_word' id='word_1_297' title='bbox 1471 3374 1650 3472; x_wconf 90' lang='lat' dir='ltr'>pertrnebit</span> <span class='ocrx_word' id='word_1_298' title='bbox 1674 3371 1718 3448; x_wconf 90' lang='lat' dir='ltr'>ad</span> <span class='ocrx_word' id='word_1_299' title='bbox 1743 3371 1948 3470; x_wconf 87' lang='lat' dir='ltr'>hydrollati-</span> 
     </span>
     <span class='ocr_line' id='line_1_34' title="bbox 555 3487 909 3540; baseline 0 0"><span class='ocrx_word' id='word_1_300' title='bbox 555 3487 639 3540; x_wconf 85' lang='lat' dir='ltr'>cam.</span> <span class='ocrx_word' id='word_1_301' title='bbox 902 3495 909 3505; x_wconf 88' lang='grc'><strong><em>·</em></strong></span> 
     </span>
    </p>

    <p class='ocr_par' dir='ltr' id='par_1_9' title="bbox 553 3563 1956 4664">
     <span class='ocr_line' id='line_1_35' title="bbox 608 3563 1949 3739; baseline -0.001 -95"><span class='ocrx_word' id='word_1_302' title='bbox 608 3563 640 3653; x_wconf 83' lang='lat'>§.</span> <span class='ocrx_word' id='word_1_303' title='bbox 670 3589 749 3666; x_wconf 85' lang='lat'>114</span> <span class='ocrx_word' id='word_1_304' title='bbox 799 3566 891 3644; x_wconf 78' lang='lat' dir='ltr'>Cirm</span> <span class='ocrx_word' id='word_1_305' title='bbox 921 3566 1023 3666; x_wconf 86' lang='lat' dir='ltr'>igitur</span> <span class='ocrx_word' id='word_1_306' title='bbox 1049 3572 1092 3650; x_wconf 92' lang='lat' dir='ltr'>ad</span> <span class='ocrx_word' id='word_1_307' title='bbox 1123 3570 1233 3647; x_wconf 88' lang='lat' dir='ltr'>littora</span> <span class='ocrx_word' id='word_1_308' title='bbox 1262 3569 1410 3668; x_wconf 83' lang='lat' dir='ltr'>Europae</span> <span class='ocrx_word' id='word_1_309' title='bbox 1431 3597 1516 3672; x_wconf 90' lang='lat' dir='ltr'>aqua</span> <span class='ocrx_word' id='word_1_310' title='bbox 1536 3568 1660 3648; x_wconf 89' lang='lat' dir='ltr'>elevari</span> <span class='ocrx_word' id='word_1_311' title='bbox 1683 3579 1854 3739; x_wconf 78' lang='lat' dir='ltr'>nequeat,</span> <span class='ocrx_word' id='word_1_312' title='bbox 1889 3565 1949 3642; x_wconf 89' lang='lat' dir='ltr'>nili</span> 
     </span>
     <span class='ocr_line' id='line_1_36' title="bbox 555 3664 1948 3768; baseline 0.001 -30"><span class='ocrx_word' id='word_1_313' title='bbox 555 3665 699 3743; x_wconf 83' lang='lat' dir='ltr'>affluxus</span> <span class='ocrx_word' id='word_1_314' title='bbox 722 3669 766 3743; x_wconf 94' lang='lat' dir='ltr'>ab</span> <span class='ocrx_word' id='word_1_315' title='bbox 785 3670 961 3745; x_wconf 88' lang='lat' dir='ltr'>occidente</span> <span class='ocrx_word' id='word_1_316' title='bbox 980 3667 1038 3742; x_wconf 91' lang='lat' dir='ltr'>fiat</span> <span class='ocrx_word' id='word_1_317' title='bbox 1057 3668 1230 3768; x_wconf 82' lang='lat' dir='ltr'>copiosus,</span> <span class='ocrx_word' id='word_1_318' title='bbox 1247 3671 1290 3746; x_wconf 92' lang='lat' dir='ltr'>ad</span> <span class='ocrx_word' id='word_1_319' title='bbox 1311 3671 1422 3746; x_wconf 85' lang='lat' dir='ltr'>littora</span> <span class='ocrx_word' id='word_1_320' title='bbox 1436 3695 1512 3768; x_wconf 89' lang='lat' dir='ltr'>quae</span> <span class='ocrx_word' id='word_1_321' title='bbox 1528 3667 1641 3747; x_wconf 76' lang='lat' dir='ltr'>versus</span> <span class='ocrx_word' id='word_1_322' title='bbox 1655 3664 1729 3742; x_wconf 89' lang='lat' dir='ltr'>occi</span> <span class='ocrx_word' id='word_1_323' title='bbox 1754 3679 1866 3739; x_wconf 91' lang='lat' dir='ltr'>entem</span> <span class='ocrx_word' id='word_1_324' title='bbox 1879 3665 1948 3740; x_wconf 89' lang='lat' dir='ltr'>res-</span> 
     </span>
     <span class='ocr_line' id='line_1_37' title="bbox 557 3761 1948 3873; baseline 0.003 -39"><span class='ocrx_word' id='word_1_325' title='bbox 557 3761 685 3858; x_wconf 91' lang='lat' dir='ltr'>piciunt</span> <span class='ocrx_word' id='word_1_326' title='bbox 709 3790 795 3864; x_wconf 90' lang='lat' dir='ltr'>aqua</span> <span class='ocrx_word' id='word_1_327' title='bbox 817 3767 942 3844; x_wconf 75' lang='lat' dir='ltr'>duecte</span> <span class='ocrx_word' id='word_1_328' title='bbox 964 3771 1009 3840; x_wconf 86' lang='lat' dir='ltr'>ab</span> <span class='ocrx_word' id='word_1_329' title='bbox 1030 3771 1209 3846; x_wconf 87' lang='lat' dir='ltr'>occidente</span> <span class='ocrx_word' id='word_1_330' title='bbox 1227 3769 1407 3849; x_wconf 77' lang='lat' dir='ltr'>adveniet,</span> <span class='ocrx_word' id='word_1_331' title='bbox 1435 3791 1511 3867; x_wconf 85' lang='lat' dir='ltr'>quae</span> <span class='ocrx_word' id='word_1_332' title='bbox 1527 3782 1637 3844; x_wconf 90' lang='lat' dir='ltr'>autem</span> <span class='ocrx_word' id='word_1_333' title='bbox 1662 3765 1774 3873; x_wconf 82' lang='lat' dir='ltr'>littora</span> <span class='ocrx_word' id='word_1_334' title='bbox 1787 3763 1832 3838; x_wconf 88' lang='lat' dir='ltr'>ad</span> <span class='ocrx_word' id='word_1_335' title='bbox 1849 3762 1948 3838; x_wconf 88' lang='lat' dir='ltr'>allam</span> 
     </span>
     <span class='ocr_line' id='line_1_38' title="bbox 557 3860 1946 3965; baseline 0.003 -31"><span class='ocrx_word' id='word_1_336' title='bbox 557 3861 691 3957; x_wconf 86' lang='lat' dir='ltr'>plagam</span> <span class='ocrx_word' id='word_1_337' title='bbox 718 3865 788 3939; x_wconf 88' lang='lat' dir='ltr'>sunt</span> <span class='ocrx_word' id='word_1_338' title='bbox 808 3865 983 3962; x_wconf 89' lang='lat' dir='ltr'>disposrta,</span> <span class='ocrx_word' id='word_1_339' title='bbox 1009 3889 1106 3965; x_wconf 82' lang='lat' dir='ltr'>aquae</span> <span class='ocrx_word' id='word_1_340' title='bbox 1123 3867 1229 3942; x_wconf 84' lang='lat' dir='ltr'>cursus</span> <span class='ocrx_word' id='word_1_341' title='bbox 1252 3866 1367 3944; x_wconf 78' lang='lat' dir='ltr'>versio</span> <span class='ocrx_word' id='word_1_342' title='bbox 1393 3867 1558 3942; x_wconf 90' lang='lat' dir='ltr'>orientem</span> <span class='ocrx_word' id='word_1_343' title='bbox 1587 3863 1733 3941; x_wconf 64' lang='lat' dir='ltr'>directus</span> <span class='ocrx_word' id='word_1_344' title='bbox 1756 3860 1946 3938; x_wconf 67' lang='lat' dir='ltr'>insectetur</span> 
     </span>
     <span class='ocr_line' id='line_1_39' title="bbox 557 3959 1946 4063; baseline 0.002 -29"><span class='ocrx_word' id='word_1_345' title='bbox 557 3964 651 4057; x_wconf 87' lang='lat' dir='ltr'>juxta</span> <span class='ocrx_word' id='word_1_346' title='bbox 672 3959 805 4046; x_wconf 86' lang='lat' dir='ltr'>littora,</span> <span class='ocrx_word' id='word_1_347' title='bbox 826 3962 1012 4063; x_wconf 88' lang='lat' dir='ltr'>priusquam</span> <span class='ocrx_word' id='word_1_348' title='bbox 1033 3961 1077 4038; x_wconf 84' lang='lat' dir='ltr'>ed</span> <span class='ocrx_word' id='word_1_349' title='bbox 1101 3965 1271 4059; x_wconf 86' lang='lat' dir='ltr'>pertingat</span> <span class='ocrx_word' id='word_1_350' title='bbox 1295 4007 1308 4044; x_wconf 90' lang='lat'>,</span> <span class='ocrx_word' id='word_1_351' title='bbox 1333 3965 1473 4040; x_wconf 89' lang='lat' dir='ltr'>omnino</span> <span class='ocrx_word' id='word_1_352' title='bbox 1493 3965 1541 4042; x_wconf 90' lang='lat' dir='ltr'>uti</span> <span class='ocrx_word' id='word_1_353' title='bbox 1569 3961 1729 4059; x_wconf 65' lang='lat' dir='ltr'>inspecto</span> <span class='ocrx_word' id='word_1_354' title='bbox 1753 3983 1946 4060; x_wconf 85' lang='lat' dir='ltr'>mapparum</span> 
     </span>
     <span class='ocr_line' id='line_1_40' title="bbox 556 4057 1946 4162; baseline -0.003 -26"><span class='ocrx_word' id='word_1_355' title='bbox 556 4059 704 4139; x_wconf 88' lang='lat' dir='ltr'>docebit.</span> <span class='ocrx_word' id='word_1_356' title='bbox 756 4061 923 4158; x_wconf 90' lang='lat' dir='ltr'>Quoniam</span> <span class='ocrx_word' id='word_1_357' title='bbox 943 4059 1026 4140; x_wconf 77' lang='lat' dir='ltr'>veri,</span> <span class='ocrx_word' id='word_1_358' title='bbox 1048 4060 1107 4135; x_wconf 87' lang='lat' dir='ltr'>ille</span> <span class='ocrx_word' id='word_1_359' title='bbox 1135 4085 1230 4162; x_wconf 86' lang='lat' dir='ltr'>aquae</span> <span class='ocrx_word' id='word_1_360' title='bbox 1249 4067 1342 4158; x_wconf 82' lang='lat' dir='ltr'>juxta</span> <span class='ocrx_word' id='word_1_361' title='bbox 1362 4063 1474 4141; x_wconf 91' lang='lat' dir='ltr'>littora</span> <span class='ocrx_word' id='word_1_362' title='bbox 1492 4061 1618 4140; x_wconf 80' lang='lat' dir='ltr'>Fluxus</span> <span class='ocrx_word' id='word_1_363' title='bbox 1643 4079 1767 4139; x_wconf 89' lang='lat' dir='ltr'>tantam</span> <span class='ocrx_word' id='word_1_364' title='bbox 1792 4057 1946 4134; x_wconf 85' lang='lat' dir='ltr'>celerita-</span> 
     </span>
     <span class='ocr_line' id='line_1_41' title="bbox 557 4154 1955 4262; baseline -0.003 -28"><span class='ocrx_word' id='word_1_365' title='bbox 557 4173 648 4243; x_wconf 85' lang='lat' dir='ltr'>tem,</span> <span class='ocrx_word' id='word_1_366' title='bbox 675 4177 830 4257; x_wconf 89' lang='lat' dir='ltr'>quantam</span> <span class='ocrx_word' id='word_1_367' title='bbox 848 4163 949 4237; x_wconf 91' lang='lat' dir='ltr'>habet</span> <span class='ocrx_word' id='word_1_368' title='bbox 971 4157 1068 4232; x_wconf 90' lang='lat' dir='ltr'>Luna</span> <span class='ocrx_word' id='word_1_369' title='bbox 1089 4199 1102 4237; x_wconf 91' lang='lat'>,</span> <span class='ocrx_word' id='word_1_370' title='bbox 1135 4159 1285 4254; x_wconf 89' lang='lat' dir='ltr'>recipere</span> <span class='ocrx_word' id='word_1_371' title='bbox 1309 4163 1448 4262; x_wconf 88' lang='lat' dir='ltr'>nequit,</span> <span class='ocrx_word' id='word_1_372' title='bbox 1467 4157 1599 4240; x_wconf 82' lang='lat' dir='ltr'>necelle</span> <span class='ocrx_word' id='word_1_373' title='bbox 1613 4161 1683 4244; x_wconf 88' lang='lat' dir='ltr'>est,</span> <span class='ocrx_word' id='word_1_374' title='bbox 1704 4175 1739 4236; x_wconf 93' lang='lat' dir='ltr'>ut</span> <span class='ocrx_word' id='word_1_375' title='bbox 1757 4155 1883 4253; x_wconf 68' lang='lat' dir='ltr'>Florus</span> <span class='ocrx_word' id='word_1_376' title='bbox 1898 4154 1955 4230; x_wconf 78' lang='lat' dir='ltr'>ad‘</span> 
     </span>
     <span class='ocr_line' id='line_1_42' title="bbox 556 4249 1944 4356; baseline -0.002 -26"><span class='ocrx_word' id='word_1_377' title='bbox 556 4256 670 4333; x_wconf 88' lang='lat' dir='ltr'>littora</span> <span class='ocrx_word' id='word_1_378' title='bbox 693 4259 801 4356; x_wconf 86' lang='lat' dir='ltr'>magis</span> <span class='ocrx_word' id='word_1_379' title='bbox 828 4262 872 4335; x_wconf 89' lang='lat' dir='ltr'>ad</span> <span class='ocrx_word' id='word_1_380' title='bbox 901 4255 1066 4331; x_wconf 89' lang='lat' dir='ltr'>orientem</span> <span class='ocrx_word' id='word_1_381' title='bbox 1088 4255 1147 4332; x_wconf 89' lang='lat' dir='ltr'>lita</span> <span class='ocrx_word' id='word_1_382' title='bbox 1171 4256 1295 4336; x_wconf 82' lang='lat' dir='ltr'>tardius</span> <span class='ocrx_word' id='word_1_383' title='bbox 1318 4263 1511 4340; x_wconf 87' lang='lat' dir='ltr'>advehatur.</span> <span class='ocrx_word' id='word_1_384' title='bbox 1573 4259 1661 4336; x_wconf 90' lang='lat' dir='ltr'>Haec</span> <span class='ocrx_word' id='word_1_385' title='bbox 1695 4273 1804 4336; x_wconf 85' lang='lat' dir='ltr'>autem</span> <span class='ocrx_word' id='word_1_386' title='bbox 1827 4249 1944 4330; x_wconf 76' lang='lat' dir='ltr'>venire</span> 
     </span>
     <span class='ocr_line' id='line_1_43' title="bbox 557 4351 1944 4457; baseline -0.001 -27"><span class='ocrx_word' id='word_1_387' title='bbox 557 4354 668 4432; x_wconf 84' lang='lat' dir='ltr'>liltora</span> <span class='ocrx_word' id='word_1_388' title='bbox 691 4357 904 4434; x_wconf 89' lang='lat' dir='ltr'>orientaliora</span> <span class='ocrx_word' id='word_1_389' title='bbox 921 4352 1104 4430; x_wconf 88' lang='lat' dir='ltr'>retardatio</span> <span class='ocrx_word' id='word_1_390' title='bbox 1127 4355 1271 4435; x_wconf 75' lang='lat' dir='ltr'>maxime</span> <span class='ocrx_word' id='word_1_391' title='bbox 1300 4361 1471 4457; x_wconf 90' lang='lat' dir='ltr'>perspicua</span> <span class='ocrx_word' id='word_1_392' title='bbox 1497 4356 1545 4438; x_wconf 86' lang='lat' dir='ltr'>eil</span> <span class='ocrx_word' id='word_1_393' title='bbox 1561 4357 1594 4431; x_wconf 94' lang='lat' dir='ltr'>in</span> <span class='ocrx_word' id='word_1_394' title='bbox 1620 4359 1781 4453; x_wconf 85' lang='lat' dir='ltr'>portubus</span> <span class='ocrx_word' id='word_1_395' title='bbox 1799 4351 1944 4429; x_wconf 82' lang='lat' dir='ltr'>Galliae,</span> 
     </span>
     <span class='ocr_line' id='line_1_44' title="bbox 554 4449 1956 4554; baseline 0 -24"><span class='ocrx_word' id='word_1_396' title='bbox 554 4450 615 4530; x_wconf 86' lang='lat' dir='ltr'>Bel</span> <span class='ocrx_word' id='word_1_397' title='bbox 643 4453 688 4536; x_wconf 82' lang='lat' dir='ltr'>i,</span> <span class='ocrx_word' id='word_1_398' title='bbox 714 4455 846 4554; x_wconf 84' lang='lat' dir='ltr'>Angllae</span> <span class='ocrx_word' id='word_1_399' title='bbox 868 4456 904 4532; x_wconf 76' lang='lat' dir='ltr'>de</span> <span class='ocrx_word' id='word_1_400' title='bbox 928 4451 1103 4530; x_wconf 86' lang='lat' dir='ltr'>Hiberniae</span> <span class='ocrx_word' id='word_1_401' title='bbox 1126 4477 1140 4546; x_wconf 77' lang='lat'>3</span> <span class='ocrx_word' id='word_1_402' title='bbox 1181 4453 1259 4536; x_wconf 83' lang='lat' dir='ltr'>cino</span> <span class='ocrx_word' id='word_1_403' title='bbox 1285 4459 1371 4533; x_wconf 88' lang='lat' dir='ltr'>enim</span> <span class='ocrx_word' id='word_1_404' title='bbox 1395 4461 1439 4534; x_wconf 93' lang='lat' dir='ltr'>ad</span> <span class='ocrx_word' id='word_1_405' title='bbox 1457 4459 1539 4536; x_wconf 84' lang='lat' dir='ltr'>oilla</span> <span class='ocrx_word' id='word_1_406' title='bbox 1560 4455 1737 4536; x_wconf 86' lang='lat' dir='ltr'>fluviorum</span> <span class='ocrx_word' id='word_1_407' title='bbox 1764 4449 1956 4530; x_wconf 78' lang='lat' dir='ltr'>Garumnae&#39;</span> 
     </span>
     <span class='ocr_line' id='line_1_45' title="bbox 553 4478 1947 4664; baseline -0.009 -28"><span class='ocrx_word' id='word_1_408' title='bbox 553 4557 593 4636; x_wconf 76' lang='lat' dir='ltr'>ll&lt;</span> <span class='ocrx_word' id='word_1_409' title='bbox 615 4478 773 4652; x_wconf 67' lang='lat' dir='ltr'>ligem,</span> <span class='ocrx_word' id='word_1_410' title='bbox 801 4547 1009 4656; x_wconf 78' lang='lat' dir='ltr'>quaetenus</span> <span class='ocrx_word' id='word_1_411' title='bbox 1034 4553 1212 4634; x_wconf 85' lang='lat' dir='ltr'>Oceanum</span> <span class='ocrx_word' id='word_1_412' title='bbox 1238 4555 1461 4656; x_wconf 80' lang='lat' dir='ltr'>amplissimum</span> <span class='ocrx_word' id='word_1_413' title='bbox 1475 4571 1613 4658; x_wconf 88' lang='lat' dir='ltr'>patent,</span> <span class='ocrx_word' id='word_1_414' title='bbox 1633 4572 1785 4653; x_wconf 89' lang='lat' dir='ltr'>tempore</span> <span class='ocrx_word' id='word_1_415' title='bbox 1806 4549 1947 4664; x_wconf 77' lang='lat' dir='ltr'>plenilu-</span> 
     </span>
    </p>

    <p class='ocr_par' dir='ltr' id='par_1_10' title="bbox 1815 4667 1949 4728">
     <span class='ocr_line' id='line_1_46' title="bbox 1815 4667 1949 4728; baseline -0.045 0"><span class='ocrx_word' id='word_1_416' title='bbox 1815 4667 1949 4728; x_wconf 83' lang='lat' dir='ltr'>urorum</span> 
     </span>
    </p>
   </div>
   <div class='ocr_carea' id='block_1_8' title="bbox 0 0 2226 5718">
    <p class='ocr_par' dir='ltr' id='par_1_11' title="bbox 0 0 2226 5718">
     <span class='ocr_line' id='line_1_47' title="bbox 0 0 2226 5718; baseline 0 2"><span class='ocrx_word' id='word_1_417' title='bbox 0 0 2226 5718; x_wconf 95' lang='lat' dir='ltr'> </span> 
     </span>
    </p>
   </div>
  </div>
 </body>
</html>
