4444 5718
1937 153 1976 230 ο

489 331 497 351 ι
540 293 641 386 ‘284
784 281 1106 378 Iuonrsrrro
1141 281 1385 364 Prrsrcr
1417 301 1471 362 ru
1507 279 1747 366 Crustu

562 449 633 511 tum
656 431 789 532 propris
812 432 847 511 vi
869 431 962 510 hunc
987 431 1336 514 motrsrrunisorrniter
1362 432 1397 509 in
1411 430 1728 512 direstumretinetr
1759 444 1859 532 atque
1880 445 1964 512 cori
2053 457 2059 468 ·

565 557 648 630 pus,
676 531 882 632 quodcirca
905 554 1005 608 axem
1029 533 1285 610 conuenientem
1305 555 1366 631 pes
1384 547 1536 612 cestrum
1552 529 1725 628 movimus
1738 529 1963 612 transeuntem

565 647 693 710 motum
717 626 913 708 mestorium
940 629 1041 710 semel
1065 629 1117 706 est
1144 630 1382 713 consecutum,
1408 631 1529 706 eodem
1555 642 1657 712 motu.
1669 627 1771 708 rotari
1797 629 1962 724 perpetuu

458 754 461 764 ⁴
562 725 762 824 suspense
794 723 1074 826 pergetflneque
1103 727 1287 822 hujusmodi
1310 743 1465 812 ¹motuum
1500 727 1631 806 causam
1653 728 1691 805 in
1718 729 1788 804 utu
1812 748 1849 800 re
1872 727 1963 812 atis,

565 822 628 898 uisi
641 823 676 898 in
698 824 771 921 ipsi
788 849 848 900 cor
894 846 967 898 rum
990 826 1131 902 natust,
1155 824 1260 924 quaeri
1284 839 1428 921 oportet.
1453 823 1624 918 Quocirca
1651 825 1677 902 sr
1701 825 1797 920 hujus
1823 822 1961 916 generis

514 1011 520 1022 .
567 921 819 997 Phanomenorr
841 849 940 996 ffirp
969 919 1197 1020 propofitum‚
1221 920 1283 998 asia
1308 923 1403 1000 cerusa
1427 919 1620 1018 investigari
1653 945 1723 1000 non
1744 919 1881 1021 potest,
1904 920 1963 997 nisi

564 1040 642 1120 quar
667 1016 871 1117 iprincipio
901 1017 986 1095 tales
1017 1035 1124 1095 motus
1153 1017 1391 1114 procreaverit.

618 1117 650 1205 s.
663 1139 701 1198 2·
751 1113 859 1212 Hujus
878 1113 1011 1215 generis
1027 1112 1117 1200 soret
1137 1115 1354 1216 quusiiorfi
1381 1112 1699 1222 quererentrcausa
1722 1111 1834 1194 motis
1854 1115 1962 1194 uerti-

563 1213 657 1308 ginis
681 1209 892 1295 Plnuetarum
909 1206 1071 1306 acSosis3
1096 1213 1152 1293 hic
1171 1209 1259 1287 enim
1294 1212 1457 1294 sufficeret
1486 1237 1560 1290 earn
1593 1211 1728 1289 causans
1754 1212 1960 1310 assignasse·

567 1333 644 1408 quae
666 1307 760 1386 initio
782 1312 846 1390 bos
867 1326 976 1386 motus
988 1309 1214 1408 produxisset,
1234 1309 1312 1386 oum
1331 1309 1390 1390 sot
1410 1311 1507 1410 arque
1525 1335 1570 1388 ac
1592 1309 1739 1386 Pinnerae
1764 1308 1863 1386 talem
1883 1334 1960 1384 mo·

565 1423 638 1494 tum
651 1407 751 1488 semel
764 1407 933 1487 consecuti
944 1409 1087 1484 eundem
1100 1406 1237 1524 proprii
1250 1408 1286 1486 vi
1300 1405 1463 1522 perpetuu
1486 1407 1681 1512 conservare
1692 1405 1869 1519 debeant.
1896 1429 1962 1484 ne·

563 1527 634 1604 que
660 1507 704 1583 ad
722 1506 792 1588 hoc
815 1507 1065 1606 Phaenomenon
1086 1507 1320 1604 explicandum
1342 1529 1393 1584 vts
1410 1506 1479 1586 nisu
1497 1519 1638 1584 exterm
1656 1519 1756 1581 ettam
1784 1525 1873 1582 nunc
1897 1503 1962 1583 ds·

565 1626 643 1680 tans
666 1603 858 1718 requiratur,
907 1601 1031 1700 Longe
1050 1601 1145 1713 rsiter
1167 1603 1200 1680 se
1219 1627 1272 1680 res
1296 1603 1418 1685 habet,
1443 1604 1469 1681 fi
1491 1621 1603 1682 motus
1622 1617 1830 1704 proponatur
1852 1625 1962 1699 neque

564 1698 766 1786 sonoros,
790 1724 899 1800 neque
922 1700 961 1784 in
984 1699 1146 1778 nuruum
1171 1703 1386 1800 procedens,
1411 1701 1594 1780 cu'usmodi
1627 1695 1676 1778 ert
1707 1713 1818 1776 motus
1837 1697 1962 1778 Plane-
2092 1761 2099 1779 .
2201 1733 2202 1750 κ

566 1809 674 1874 earum
702 1797 891 1911 periodicas
914 1797 1004 1904 circa
1031 1797 1167 1878 sotem».
1188 1800 1255 1879 hoc
1283 1801 1371 1882 enim
1457 1827 1477 1880 u
1512 1797 1648 1876 minim'e
1677 1795 1796 1874 susstit
1825 1819 1865 1874 ea
1885 1795 1963 1882 vis,

565 1919 645 1999 quae
668 1893 765 1968 initio
792 1897 946 1976 Planetas
971 1897 1017 1972 ad
1035 1893 1217 1974 istiusmodi
1248 1897 1356 1976 motus
1375 1895 1571 1998 impulerit,
1595 1892 1652 1974 sed
1676 1891 1839 2008 perpetuis
1859 1916 1961 1972 novae

565 1993 684 2068 virium
705 1989 855 2070 ausones
878 1993 1112 2094 requiruntur,
1135 1995 1292 2096 iquibus
1318 2011 1385 2073 tam
1411 1994 1563 2074 celeritas
1590 1998 1688 2092 quim
1715 1991 1854 2068 nreuto
1880 2013 1964 2066 con·

377 2097 381 2105 '
462 2151 473 2172 .
565 2087 661 2168 tinud
688 2091 902 2166 immutetur:
926 2117 1006 2192 quar
1030 2093 1143 2178 vires,
1168 2099 1267 2192 qu'am
1294 2091 1437 2188 primum
1458 2091 1644 2170 cessarentr
1670 2086 1779 2166 subto
1814 2085 1961 2164 Pianetae

490 2197 492 2205 ’
565 2188 693 2267 orbitas
729 2188 799 2264 iuss
828 2187 1041 2274 desererent,
1066 2197 1167 2288 atque
1197 2190 1233 2264 in
1264 2191 1428 2270 nuscum
1460 2205 1556 2268 motu
1581 2185 1738 2288 aequabili
1774 2187 1957 2264 avolarent

566 2284 674 2384 Qudd
698 2285 721 2362 ii
746 2285 848 2379 igitur
871 2285 1122 2368 Phaenomenon
1134 2289 1356 2387 quodcunque
1381 2305 1506 2368 natura
1526 2301 1756 2384 proponatur,
1782 2283 1859 2362 anti
1885 2305 1961 2356 om·

566 2386 624 2462 nia
653 2383 791 2461 solliciti
816 2383 1149 2500 adinquirendum
1188 2385 1232 2460 ad
1261 2389 1431 2482 quodnam
1464 2405 1575 2484 genus
1604 2382 1639 2459 id
1669 2380 1834 2478 pertineat
1856 2396 1960 2480 atque

470 2499 474 2507 '
540 2489 675 2566 'unum
699 2479 796 2562 cansa
821 2481 856 2562 in
882 2481 1006 2562 viribus
1025 2485 1170 2564 externis
1192 2481 1231 2557 iit
1258 2485 1465 2580 quaerenda,
1488 2508 1531 2558 an
1557 2480 1683 2578 inipso
1708 2475 1856 2574 subjecto
1882 2483 1958 2556 cor·
2045 2531 2052 2542 -

565 2580 676 2679 porei
705 2575 899 2676 Quinetiam
929 2579 1156 2678 saepenumerd
1184 2575 1372 2660 usuvenire
1398 2577 1531 2680 potest,
1554 2595 1591 2654 ut
1616 2573 1754 2654 effecius
1788 2573 1954 2674 utriusque

563 2677 700 2774 generis
718 2679 753 2754 in
776 2681 899 2754 eodem
919 2675 1146 2755 Phaenomeno
1174 2672 1314 2752 mustum
1337 2676 1401 2752 srnt
1424 2679 1511 2753 inter
1535 2671 1760 2774 supermixti3
1787 2695 1855 2770 quo
1880 2671 1957 2749 casu

564 2775 693 2850 summo
717 2777 824 2856 studio
852 2775 875 2851 ii
898 2779 916 2851 d
943 2777 973 2851 se
1001 2776 1145 2856 invicem
1174 2773 1314 2851 discerni
1335 2781 1413 2853 ante
1439 2776 1634 2860 debebunt,
1668 2775 1767 2872 quim
1787 2769 1954 2848 censuum

566 2873 782 2969 investigatio
810 2873 1008 2969 suscipiatur.
1908 2931 1916 2938 .

619 2971 654 3063 ς.
699 3027 707 3045 .
760 2971 823 3046 His
858 2973 1116 3071 ritdperpensrs
1149 2974 1326 3070 explicatio
1361 2971 1509 3058 Galim,
1537 2987 1635 3076 quam
1658 2971 1693 3048 irr
1718 2964 1781 3046 suis
1800 2965 1954 3063 Dialogis

565 3071 617 3146 de*
636 2997 717 3145 arsin
738 3069 845 3146 Maris
859 3067 1020 3166 affignare
1046 3075 1094 3148 esi
1108 3085 1271 3154 conatus,
1298 3097 1379 3149 mox
1401 3073 1580 3168 concidit-3
1611 3065 1742 3170 putavit
1760 3067 1847 3182 enim
1873 3063 1955 3138 Fiu-

564 3188 644 3244 xum
658 3187 702 3240 ac
728 3163 905 3241 Redonum
928 3167 1037 3257 Muris
1054 3168 1179 3250 tantum
1204 3173 1224 3244 d
1248 3169 1390 3247 motibus
1410 3169 1530 3248 Terrae
1556 3166 1719 3246 rotatorio
1743 3186 1833 3242 crrca
1856 3183 1955 3272 axem

564 3261 906 3357 &periodico'circa
931 3263 1044 3340 Solem
1067 3269 1170 3351 oriri,
1195 3293 1237 3344 ne
1264 3293 1305 3348 ue
1331 3267 1402 3342 asiis
1423 3266 1547 3345 viribus
1567 3265 1667 3341 tribui
1689 3275 1867 3359 oportere,
1893 3257 1954 3333 rufi

563 3383 641 3455 quae
664 3357 727 3436 hos
754 3379 861 3438 motus
887 3362 955 3439 tium
981 3367 1191 3459 producant,
1227 3391 1302 3442 curn
1327 3365 1532 3441 conservent.
1581 3363 1736 3462 Namque
1756 3360 1956 3456 srponamus

562 3459 706 3534 Terram
732 3457 801 3533 soso
817 3475 910 3536 motu
924 3461 1043 3538 diurno
1067 3464 1339 3559 esiepraeditams
1366 3461 1430 3537 itte·
1444 3481 1553 3540 motus
1567 3461 1666 3538 Mare
1681 3460 1776 3536 aliter
1801 3480 1869 3530 non
1884 3451 1956 3528 affi-

562 3556 654 3634 ciet,
680 3554 737 3634 nist
760 3555 796 3630 id
820 3559 878 3632 sub
892 3555 1077 3656 AEpuatore
1095 3553 1307 3646 attollendo,
1328 3585 1371 3636 ex
1385 3585 1452 3658 quo
1467 3561 1575 3654 figura
1601 3559 1720 3635 Terrae
1743 3551 1955 3655 sphaeroidica

560 3651 748 3750 compressa
773 3653 933 3748 nascitur,
962 3672 1071 3732 motus
1097 3657 1180 3752 ueris
1203 3659 1393 3754 reciprocus
1416 3657 1452 3732 in
1472 3656 1566 3734 Mari
1585 3657 1724 3734 omnino
1753 3651 1859 3730 nullus
1875 3649 1953 3724 hinc

562 3753 719 3844 generari
743 3749 874 3844 poterit.
927 3751 1032 3846 Qudd
1056 3755 1081 3836 st
1108 3773 1216 3832 autem
1244 3757 1362 3832 Terrae
1388 3753 1516 3852 insuper
1544 3771 1670 3830 motum
1692 3749 1892 3854 aequabilem
1917 3746 1955 3820 in

565 3849 724 3926 directum
739 3848 942 3932 tribuamus,
968 3849 1078 3944 priora
1089 3850 1313 3932 Phaenomena
1336 3854 1427 3931 nullo
1442 3853 1765 3935 modoafficientur‚
1798 3847 1956 3940 sedpror·

511 3975 516 3982 ’
562 3947 615 4028 sris
636 3951 753 4026 endem
770 3949 985 4027 manebunt,
1010 3949 1291 4044 quemadmodum
1312 3977 1356 4028 ex
1377 3951 1546 4048 principiis
1561 3949 1761 4030 mechanicis
1785 3939 1954 4054 clarisune

562 4044 700 4141 perspici
729 4045 834 4121 sicet,
864 4044 980 4138 quibus
1006 4046 1135 4120 constat
1171 4067 1295 4123 motum
1320 4047 1515 4128 uniformem
1552 4049 1774 4128 innocuum
1801 4042 1955 4120 omnibns

561 4146 710 4237 partibus
741 4139 931 4238 systematis
957 4139 1174 4240 cuiuscunque
1199 4167 1377 4239 corporum
1409 4146 1579 4246 aequaliter
1610 4145 1795 4260 impressum
1829 4135 1951 4214 nullam

559 4237 702 4312 omnind
727 4237 946 4316 mutationem
967 4239 1002 4313 in
1036 4257 1128 4316 motu
1159 4245 1195 4326 dr
1223 4241 1287 4318 fitu
1324 4242 1461 4338 partium
1488 4244 1628 4320 relativo
1651 4242 1783 4318 inferre,
1844 4237 1953 4312 Abeat

562 4359 651 4408 nunc
677 4353 786 4410 motus
808 4335 868 4410 iste
881 4334 1052 4433 aequabilis
1077 4337 1195 4416 Terrae
1213 4337 1246 4416 in
1265 4341 1428 4418 directum
1446 4341 1609 4438 impressus
1631 4342 1667 4416 in
1688 4337 1880 4418 circularem
1895 4330 1951 4412 vel
2032 4423 2035 4431 .

431 4561 432 4566 Ν
560 4431 742 4526 elsipricum
767 4457 836 4558 per·
859 4433 946 4516 vires
975 4435 1091 4533 quibu
1112 4437 1220 4524 Terra
1248 4437 1411 4540 perpetui>
1438 4441 1481 4522 ad
1512 4435 1623 4522 Solem
1653 4455 1817 4538 urgetuss
1841 4427 1959 4602 subice
1995 4518 1998 4524 .
