4444 5718
464 631 537 709 Vl.
602 622 775 719 piciantur.
822 620 969 701 Deberet
985 621 1119 722 quidem
1142 622 1268 718 ubique

486 343 489 350 Δ
602 385 677 470 354
755 349 768 442 ’.
847 354 1800 460 ΙιιρυιειτιοΡιιιιιιιιιιΟιιιιιιι

439 532 558 612 Gar.
602 529 639 606 δι
663 522 882 602 Normanniae
908 527 1123 603 observantur
1135 521 1363 697 continudffire
1378 525 1485 640 magis
1502 525 1731 697 ιιιῗιιάῗιιιιι,
1752 517 1914 693 tattterffiiirss
1928 519 1995 596 ins·

1338 643 1421 700 ursus
1445 647 1481 696 m
1510 646 1521 695 ι
1559 647 1597 697 os
1653 643 1729 696 unae
1768 642 1827 697 tan
1929 641 1994 714 per

602 721 819 796 meridianum
842 719 1015 798 incidere,
1041 717 1109 793 imb
1136 720 1395 818 quandoqueob
1410 649 1763 815 Solemppraecedere,
1791 741 1863 792 non
1885 717 1990 790 solum

602 820 716 893 demta
738 813 855 892 inertia
868 828 884 900 ι’
907 821 964 896 led
979 819 1077 895 etiam
1093 818 1135 890 eit
1148 813 1273 909 posui,
1297 815 1460 892 sitantum
1475 841 1571 915 aquae
1586 829 1695 891 motus
1708 815 1873 892 verticalis
1894 813 1992 908 spec-

601 930 712 998 teture
737 914 916 990 ardetiam
942 913 1051 992 morde
1071 910 1286 990 horizontalis
1311 913 1395 990 ratio
1415 916 1598 997 habeatur,
1624 927 1695 986 tum
1715 910 1863 990 aructat
1875 912 1990 986 olien-

599 1011 709 1088 dimus
739 1011 881 1088 Fluxum
899 1007 1061 1109 perpetud
1088 1009 1275 1096 retardari,
1309 1035 1350 1088 ac
1367 1014 1501 1089 demum
1519 1011 1593 1105 posi
1614 1011 1719 1086 Lunae
1738 1010 1905 1123 transitum
1930 1032 1993 1104 per

599 1107 818 1184 meridianum
841 1111 974 1208 evenire
1004 1110 1142 1186 debere.
1173 1105 1326 1206 Tempus
1353 1109 1488 1206 quidem
1509 1109 1607 1203 huius
1630 1106 1888 1188 retardationrs,
1912 1107 1992 1181 ciem

602 1203 642 1282 lit
665 1207 845 1282 admodum
873 1205 1030 1285 variabile
1052 1203 1259 1303 pluribusque
1283 1205 1536 1295 dimouendis
1558 1202 1761 1298 subjedum,
1778 1225 1847 1278 non
1870 1203 1991 1280 defini-

601 1304 731 1386 vimus,
759 1303 886 1380 iuterim
912 1322 1024 1382 tamen
1044 1304 1136 1378 idex
1150 1303 1180 1392 §-
1210 1309 1266 1380 82.
1292 1303 1407 1398 colligi
1422 1303 1571 1398 poterit,
1593 1297 1730 1376 remotis
1750 1301 1895 1375 externis
1926 1301 1989 1374 im·

602 1401 818 1495 pedimentis:
854 1402 931 1478 cirm
953 1400 1043 1478 enim
1066 1398 1287 1478 invenerimus
1309 1423 1427 1498 aquam
1453 1399 1588 1508 proprii
1607 1399 1641 1475 vi
1666 1394 1838 1494 gravitatis
1865 1397 1929 1473 sese
1949 1399 1989 1474 ia

600 1545 696 1650 stum
716 1543 891 1644 aequilibrii
912 1546 1059 1643 recipere
1078 1517 1287 1671 tempore}
1307 1545 1488 1630 botarum,
1527 1571 1569 1626 ac
1593 1565 1764 1621 numerum
1791 1567 1813 1616 ιι
1834 1541 1900 1618 elle
1922 1542 1990 1622 cir·

601 1691 686 1768 citer
705 1711 724 1789 5
740 1685 794 1768 vel
811 1693 856 1776 6,
881 1690 1085 1773 manifestum
1107 1690 1155 1769 eil
1179 1709 1273 1771 tanto
1292 1691 1391 1768 etiam
1404 1707 1556 1795 tempore
1576 1711 1658 1784 opus
1685 1688 1779 1766 else,
1813 1713 1882 1788 quo
1905 1716 1992 1790 aqua

486 1869 494 1876 ,
602 1809 678 1864 eum
705 1791 799 1864 situm
822 1817 921 1889 quem
937 1793 1028 1869 vires
1052 1789 1252 1874 intendunt,
1284 1791 1422 1874 induat,
1452 1815 1497 1867 ex
1515 1813 1583 1888 quo
1597 1785 1722 1864 fluxus
1737 1787 1870 1866 circiter
1890 1791 1993 1866 abo·

602 1909 655 1993 ras
680 1887 769 1962 vela
784 1889 974 1990 {ltonpust
994 1886 1165 1964 transrtnm
1189 1887 1294 1964 Lunae
1309 1913 1367 1986 per
1379 1889 1593 1964 meridianum
1614 1885 1811 1981 contingere
1832 1887 1995 1974 debebit,

601 1985 641 2056 rd
668 1987 762 2080 quod
775 2009 851 2060 cum
863 1981 1149 2064 observationibus
1168 1985 1358 2062 in'Oceano
1373 1985 1477 2059 libero
1491 1983 1642 2061 institutis
1654 1983 1793 2079 egregie
1810 1984 1994 2077 convenit3

587 2079 758 2178 ,hancque
783 2081 912 2160 idcirco
936 2077 1138 2181 praecipuam
1167 2081 1262 2176 hujus
1293 2081 1525 2160 retardationis
1554 2081 1683 2158 causatu
1710 2077 1828 2155 merita
1853 2081 1993 2180 asigna-

604 2201 687 2255 mus.

606 2327 611 2336 -
653 2277 688 2365 ις.
716 2297 796 2354 102.
822 2276 980 2354 Tertium
1005 2274 1257 2354 Pbaenomenon
1279 2275 1464 2373 suppeditat
1479 2274 1576 2354 atus
1590 2271 1810 2372 magnitudo,
1838 2301 1915 2374 quae
1936 2303 1995 2357 au·

521 2459 524 2472 ⁸
603 2387 675 2462 tem
700 2390 768 2450 tam
781 2373 919 2452 diverfis
942 2374 1025 2451 locis
1045 2377 1143 2472 quim
1166 2375 1304 2452 diversis
1327 2375 1574 2472 tempestatibus
1594 2372 1736 2447 maxine
1755 2373 1802 2449 esi
1816 2376 1993 2454 mutabilis.

604 2470 747 2548 torento
774 2489 883 2563 tamen
900 2469 1050 2570 exceptis
1070 2473 1261 2548 enormibus
1280 2472 1342 2547 illis
1366 2475 1533 2556 aestubus,
1556 2469 1612 2570 qui
1628 2469 1800 2546 nonnullis
1821 2471 1857 2544 in
1874 2489 1992 2570 portu·

604 2572 670 2645 bus
694 2569 860 2646 observari
886 2572 1016 2654 solent,
1041 2570 1158 2667 reliqui
1185 2593 1261 2644 cum
1282 2569 1393 2644 nostra
1417 2568 1568 2648 Theona
1588 2565 1732 2662 egregii
1755 2569 1994 2664 consentiunt3

607 2665 725 2743 inertid
749 2668 837 2740 enim
861 2662 1011 2750 sublati,
1033 2667 1217 2744 invenimus
1235 2667 1293 2742 sub
1316 2684 1485 2765 aquatore
1507 2667 1685 2742 maximum
1706 2665 1822 2740 aeslum
1846 2662 1919 2742 sore
1933 2695 1993 2766 per

605 2763 745 2860 spatium
768 2763 902 2842 circiter
925 2787 951 2861 4
975 2766 1121 2860 pedum,
1142 2767 1185 2839 ab
1212 2759 1332 2856 ineriia
1350 2783 1459 2840 autem
1484 2765 1552 2840 hoc
1574 2763 1783 2840 intervallum
1803 2765 1921 2859 augeri
1947 2767 1993 2846 ita

606 2878 644 2935 ut
662 2863 791 2960 duplo,
809 2863 865 2938 vel
892 2863 1019 2960 triplo,
1045 2861 1100 2940 vel
1114 2860 1212 2935 etiam
1234 2861 1418 2957 quadruplo
1442 2867 1477 2943 δι
1500 2861 1571 2956 plus
1592 2863 1649 2938 fiat
1663 2863 1790 2956 majus,
1814 2878 1914 2960 prout
1936 2889 1995 2941 va·

606 2957 660 3034 lor
669 2956 914 3060 ipsiusgtvid.
933 2961 966 3053 §.
982 2962 1072 3052 82.)
1097 2957 1206 3032 minor
1228 2953 1326 3034 fuerit
1349 2961 1402 3033 vel
1429 2961 1553 3052 major,
1577 2961 1697 3058 quippe
1716 2959 1772 3058 qui
1796 2966 1814 3036 a
1837 2957 1994 3039 facultate

606 3053 739 3137 Oceani
761 3057 825 3132 sese
853 3054 989 3153 proprii
1014 3053 1068 3130 suit
1088 3052 1123 3132 vi
1146 3053 1179 3126 in
1201 3053 1320 3130 ilatum
1352 3055 1528 3151 aequilibris
1549 3059 1741 3134 restituendi
1772 3057 1923 3156 pendetq
1949 3083 1994 3134 ex

607 3176 676 3250 quo
700 3153 756 3230 sub
777 3170 949 3254 aeqtratore
969 3154 1107 3250 spatium
1133 3175 1193 3248 pcr
1212 3155 1304 3249 quod
1319 3155 1482 3231 maximus
1495 3153 1594 3229 aesius
1608 3157 1752 3250 agitatur
1776 3159 1819 3232 ad
1834 3163 1895 3237 8..
1927 3179 1997 3240 tas

608 3245 655 3322 ,6
677 3253 713 3325 dr
727 3254 837 3348 plures
854 3253 956 3350 pedes
981 3251 1159 3342 exsurgere
1184 3249 1303 3343 potest,
1342 3251 1386 3324 In
1410 3252 1601 3350 regionibus
1624 3270 1735 3326 autem
1756 3255 1798 3328 ab
1822 3269 1995 3354 aequatore

577 3367 580 3374 '
607 3350 740 3426 remotis
763 3349 948 3427 invenimus
964 3347 1230 3444 magnitudinem
1253 3347 1351 3424 aesiiis
1370 3363 1484 3424 tenere
1499 3349 1660 3422 rationem
1685 3347 1886 3448 duplicatam
1911 3352 1997 3428 cosi-

607 3471 708 3523 nuum
732 3449 927 3524 elevationis
945 3445 1038 3544 poli,
1060 3444 1150 3518 unde
1176 3445 1234 3517 sub
1263 3445 1449 3521 elevatione
1473 3447 1541 3543 poli
1561 3443 1664 3541 45⁰.»
1684 3448 1881 3544 magnitudo
1895 3448 1998 3526 auus

506 3631 508 3636 ,
607 3545 739 3622 circiter
764 3541 870 3640 duplo
893 3545 955 3618 erit
977 3544 1088 3618 minor
1103 3541 1202 3637 quim
1216 3540 1274 3614 sub
1294 3541 1362 3638 ipso
1377 3559 1573 3640 aequatum
1609 3545 1699 3637 cujus
1718 3546 1839 3621 veritas
1852 3545 1887 3620 in
1908 3545 1995 3623 locis

606 3645 626 3716 i
645 3642 806 3719 littoribus
821 3640 955 3737 aliquot
980 3636 1128 3716 milliaria
1145 3639 1280 3714 remotis
1308 3663 1367 3736 per
1391 3641 1627 3736 experientiam
1653 3641 1774 3719 eximie
1794 3645 1996 3741 comproba

606 3755 669 3815 tur.
732 3735 1002 3834 Deprehenditur
1020 3736 1107 3812 enim
1125 3737 1250 3832 ubique
1263 3739 1294 3814 in
1310 3738 1393 3814 locis
1418 3739 1614 3822 ilittotibus
1637 3739 1773 3817 remotis
1791 3741 1889 3818 aestus
1911 3742 1997 3817 mulss

605 3835 645 3910 ti>
671 3835 780 3912 minor
802 3837 899 3934 quim
924 3837 968 3912 ad
988 3835 1126 3924 littora,
1150 3835 1241 3927 cujus
1260 3835 1451 3912 discriminis
1473 3839 1566 3915 causa
1581 3835 1614 3910 in
1637 3835 1790 3936 sequenti
1815 3838 1924 3937 capite
1945 3837 1997 3913 di·

514 4003 519 4010 .
606 3931 717 4010 lucide‘
741 3931 949 4011 indicabitur.
1002 3931 1192 4026 Quinetiam
1213 3931 1247 4005 in
1275 3935 1387 4009 medio
1408 3933 1501 4010 Mari
1534 3935 1730 4033 plerumque
1756 3937 1853 4014 albu
1886 3935 1995 4010 adhuc

607 4033 716 4108 minor
734 4030 950 4111 observatur,
974 4031 1167 4128 quimhaec
1186 4034 1301 4126 regula
1314 4031 1476 4130 requirit3
1502 4033 1539 4106 id
1550 4047 1659 4106 autem
1672 4033 1902 4127 ‚ostenderam
1921 4051 1993 4101 non

556 4157 587 4180 ·
606 4127 683 4204 satis
702 4127 811 4222 ampla
835 4125 969 4202 Oceani
993 4126 1185 4201 ertenfione
1198 4128 1377 4204 secundirm
1389 4129 1636 4226 longitudinem
1659 4129 1848 4224 proficisci,
1874 4145 1993 4222 quern·

606 4227 787 4300 admodum
806 4221 840 4296 in
865 4221 1008 4300 Oceano
1022 4219 1200 4298 -Atlantico
1224 4227 1283 4321 qui
1307 4226 1421 4304 versirs
1436 4226 1667 4302 Occidentem
1691 4225 1854 4300 littoribus
1890 4222 1995 4298 Ame-

605 4323 708 4410 ricae3
739 4317 855 4399 versirs
880 4319 1057 4396 Orientem
1079 4319 1160 4396 verb
1186 4321 1352 4400 littoribus
1383 4321 1506 4400 Africae
1532 4326 1568 4402 dt
1594 4321 1738 4414 Europae
1774 4319 1998 4403 terminatur,

606 4443 682 4522 qna
707 4420 891 4514 amplitudo
900 4442 971 4498 uon
982 4415 1032 4496 est
1045 4417 1290 4522 satismagna,
1314 4438 1351 4503 ut
1372 4423 1535 4524 integram
1548 4417 1645 4499 attus
1660 4413 1878 4519 quantitatem
1902 4416 1997 4495 susci·

606 4541 685 4619 pere
711 4533 821 4615 queat

1867 4613 1899 4709 ς.
1919 4629 1998 4706 103.
