4406 5718
373 343 1347 490 Potocnnmmmnmmt(
1519 415 1595 536 17
1834 519 1838 524 Ι

389 547 391 550 ’
469 543 1183 696 ι’ἨΑῑΝοΜΕΝοΝ
1246 609 1336 698 tv.
1607 545 1760 686 tlte:

1606 705 1760 766 Panno

217 804 446 892 Plautum
463 813 617 923 quinque
625 801 903 923 primariorum,
935 809 980 890 dr
1000 803 1148 918 oelsolis
1169 805 1263 894 circo
1289 837 1420 907 terrum
1446 809 1506 892 vel
1526 833 1594 892 m.
1610 802 1702 848 ΗΝ·
1723 785 1789 878 W‘.

273 951 320 1004 rae
344 929 442 1006 circu
458 920 566 1036 ficiem
589 943 742 1037 temporo
761 921 969 1040 periodica,
1008 921 1108 1024 [liliis
1122 921 1211 1028 fixis
1232 923 1505 1040 quiescentibus,
1534 921 1594 1032 effe

217 1109 219 1114 .
272 1041 311 1120 iu
334 1033 471 1140 tatione
484 1035 733 1154 fitquipiicutti
753 1037 978 1118 mediocrium
996 1035 1246 1151 distantiarum
1267 1041 1291 1122 ei
1310 1036 1386 1152 fiale.

240 1228 370 1314 .Haec
405 1226 427 1311 ‘a
463 1232 603 1348 Kepleto
633 1231 793 1320 inventa
828 1230 925 1316 tatio
968 1228 1010 1314 in
1042 1229 1214 1318 confello
1237 1237 1290 1318 est
1317 1229 1418 1348 apud
1443 1261 1593 1322 omnes.
1644 1323 1654 1335 ,

212 1345 272 1448 (¹)
291 1341 446 1430 Eadem
460 1345 593 1454 utique
608 1347 689 1433 sunt
708 1371 881 1460 tempora
898 1343 1113 1460 periodica,
1130 1345 1357 1456 eaedemque
1371 1346 1523 1433 orbium
1535 1346 1593 1431 di·

210 1461 442 1558 menstones,
465 1463 546 1544 five
560 1457 616 1545 sol
627 1461 730 1562 circa
743 1487 892 1557 tetram,
909 1461 988 1546 stve
1003 1484 1098 1544 terra
1110 1459 1211 1546 circa
1223 1461 1344 1548 solem
1359 1462 1592 1548 revolvatur.

209 1573 277 1659 Ac
291 1573 341 1658 de
359 1573 534 1660 mensuri
558 1575 721 1685 quidem
742 1601 964 1691 tempotum
977 1574 1266 1692 periodicotum
1287 1576 1476 1664 convenit
1492 1577 1590 1664 inter
1634 1601 1637 1614 ¹

1377 1705 1381 1708 ’
1472 1699 1589 1782 astio-
1660 1755 1666 1769 ·

207 1896 325 1962 locant.
369 1907 410 1966 At
434 1905 503 1984 perd
522 1902 552 1966 in
579 1901 774 1985 conjund'tione
793 1921 822 1966 ut
842 1902 871 1965 in
928 1901 1005 1984 gulas
1023 1901 1203 1984 oppositiones
1224 1902 1403 1984 interceptis,
1421 1903 1503 1965 datur
1518 1922 1589 1966 tem·
1627 1957 1631 1998 Ι
1666 1938 1714 2006 5⁸·

209 1984 261 2048 A,
290 1977 379 2043 iidem
404 1985 521 2064 planeta
541 1985 624 2066 pleno
645 1987 714 2046 orbe
733 1985 870 2068 fulgent,
928 2003 977 2062 pua
996 2005 1050 2060 quo
1073 1985 1182 2063 planem
1212 1987 1286 2048 circi
1306 1987 1392 2048 solem
1420 2005 1497 2046 motu
1523 2006 1593 2050 vero

208 2059 377 2139 proinddque
396 2084 503 2143 partem
523 2065 686 2128 illustratam
698 2067 749 2126 soli
768 2089 800 2128 ac
816 2081 871 2125 tet·
928 2064 1058 2124 describit
1085 2052 1198 2146 angulos
1219 2067 1255 2127 ad
1277 2067 1365 2128 l'olem
1392 2065 1463 2126 inter
1487 2067 1594 2144 oppoli-
1651 2087 1661 2100 ·

207 2159 246 2200 tue
273 2145 466 2215 obuertemee,
495 2149 553 2208 sunt
571 2143 642 2208 ultrit
660 2147 748 2206 solem
768 2147 843 2226 posti
861 2164 875 2216 3
897 2155 902 2162 '
927 2143 1016 2206 tiones
1035 2165 1196 2216 mutentos,
1219 2149 1249 2209 ὅ(
1268 2167 1319 2226 pet
1337 2147 1463 2227 regulam
1479 2167 1594 2225 propot-

72 2225 74 2236 ‘
198 2220 396 2303 deindepverb
406 2227 598 2308 digrediuntur
617 2232 635 2288 a
651 2228 728 2296 Sole,
741 2229 772 2288 8(
793 2228 869 2288 Mart
927 2224 1010 2288 tionis
1037 2227 1153 2288 habetur
1182 2245 1294 2306 tempus
1323 2247 1377 2302 quo
1407 2227 1515 2305 planeta
1538 2243 1592 2298 36⁰

206 2301 324 2377 quidem
342 2307 372 2366 in
389 2307 524 2382 quadrato
545 2329 608 2368 cum
627 2308 692 2370 Sole
711 2307 820 2386 aspeiln
841 2323 870 2369 ut
927 2307 1026 2384 gradus
1048 2308 1095 2367 seu
1122 2308 1325 2369 revolutionem
1356 2327 1440 2368 unam
1464 2307 1592 2370 absolvit.

206 2379 237 2442 in
261 2385 307 2453 C,
331 2385 531 2462 aliquantulum
557 2389 684 2468 gibbolire
714 2409 828 2466 apparet
857 2425 869 2458 ,
927 2387 1072 2464 Tempore
1091 2387 1235 2466 periodico
1252 2389 1291 2448 itit
1310 2389 1396 2448 certet
1419 2387 1591 2450 determina·
1641 2431 1644 2441 ·

205 2465 283 2538 quod
311 2465 529 2548 hemispherium
558 2467 638 2548 ipsnt
654 2467 816 2530 illustratum
836 2471 867 2532 bt
927 2483 975 2536 to,
996 2469 1113 2528 habetur
1131 2488 1259 2527 numerus
1277 2468 1479 2527 revolutionum
1498 2470 1592 2544 plane-

206 2543 260 2602 soli
275 2544 583 2625 obversumnonpoffit
599 2567 691 2612 totum
709 2566 787 2616 terra
808 2551 869 2611 sen·
926 2561 960 2606 ιω
986 2567 1113 2626 tempore
1142 2545 1202 2606 satit
1225 2549 1311 2630 longo
1339 2548 1518 2626 petritarum.
1559 2548 1590 2609 Si

206 2620 322 2685 fibilitet
344 2627 477 2698 obverti,
495 2627 558 2703 quia
574 2651 629 2693 non
640 2628 701 2688 satis
711 2649 814 2712 magna
830 2631 869 2692 esi
928 2645 1020 2687 autem
1050 2627 1191 2705 capiantur
1219 2627 1279 2687 duc
1306 2627 1486 2706 oppofitiones
1506 2629 1589 2691 ratde

204 2705 867 2854 ἓζῗὶῐίωΐῗὲΐιοῗῗῗὲοιῖἑῖὥῖἶῖἕ«ἵ
925 2707 1589 2867 {lib³lt¹²ttllltel³clzlltl⁵‚2¹²

163 2865 170 2876 “
207 2860 279 2925 ssent
290 2901 300 2933 ,
321 2811 739 2947 hemisphaeriirmilluminatum
758 2873 817 2934 Soli
825 2881 869 2952 tac
925 2869 1008 2938 deae,
1027 2887 1172 2945 totumque
1187 2886 1294 2948 tempus
1315 2869 1454 2929 dividatur
1473 2889 1522 2946 per
1539 2881 1604 2931 nu-‘

210 2943 305 3006 telluri
322 2947 430 3026 semper
439 2950 585 3010 obvertunt
601 2950 777 3021 senfibiliter3
802 2973 867 3014 narn
892 3005 898 3020 ,
924 2967 1033 3011 merum
1051 2948 1256 3013 revolutionum
1273 2989 1284 3020 ,
1316 2949 1461 3009 habebitur
1481 2969 1589 3028 tempus

210 3022 279 3084 ctlm
298 3033 312 3100 (
333 3037 367 3085 ert
387 3029 444 3090 obs.
455 3031 477 3102 ·)
489 3032 564 3090 Mars
580 3033 690 3104 iovem,
711 3033 868 3108 &Jupiter
924 3027 1099 3106 periodicum
1115 3031 1288 3101 accuratius,
1318 3029 1495 3108 supponendo
1513 3031 1588 3105 quod

204 3101 359 3172 smmum
374 3129 568 3186 nonnunquam
578 3128 690 3192 tegant,
712 3113 868 3174 necefl'eest
924 3111 1037 3188 aphelia
1074 3113 1189 3190 planetae
1224 3133 1277 3172 non
1307 3112 1387 3170 aliter
1421 3129 1587 3172 moveantur

206 3201 240 3247 ιιι
258 3187 349 3248 orbita
377 3189 484 3250 Saturni
506 3189 625 3253 orbitarn
644 3192 719 3256 lovis
729 3231 740 3263 ,
757 3195 787 3254 8(
810 3197 868 3254 nae
920 3193 1007 3266 noan
1024 3189 1094 3250 bxae.
1122 3190 1225 3252 Sufficit
1241 3193 1308 3253 verb
1327 3192 1355 3251 in
1377 3191 1608 3252 trituramur
1692 3221 1708 3247 ,ν

205 3265 328 3328 orbitam
354 3269 453 3332 Martis
477 3263 696 3351 complectatur,
717 3283 773 3334 tree'
795 3277 866 3336 verb
923 3271 1116 3333 Phaenomenis
1141 3289 1171 3331 ut
1191 3275 1248 3332 hac
1267 3291 1424 3354 tempora,
1453 3272 1587 3354 negledlit
1684 3289 1687 3296 ’

203 3344 304 3426 orbitae
330 3347 385 3410 illae
416 3369 520 3413 tertam
547 3355 578 3416 &
613 3354 702 3415 solem
732 3353 866 3416 ambiant.
922 3352 1065 3421 minutiis,
1094 3352 1265 3414 definiantur.

204 3427 280 3500 Quia
305 3427 372 3489 verb
401 3432 531 3494 diametri
552 3451 713 3511 apparenter
741 3435 865 3513 manem·
964 3433 1054 3495 Potest
1069 3433 1156 3494 etiam
1175 3453 1282 3512 tempus
1301 3429 1475 3510 periodicum
1493 3431 1589 3492 deter-

196 3527 263 3572 rum
290 3507 462 3588 superiorum
489 3513 577 3574 multo
597 3513 719 3576 minoret
738 3513 868 3578 videntur
924 3513 1024 3574 minari
1044 3533 1092 3587 per
1104 3513 1310 3575 observationes
1328 3511 1503 3571 latitudinum
1526 3511 1587 3586 pla·

200 3588 231 3650 in
251 3590 465 3668 oppositionibtu
480 3599 565 3671 quam
582 3593 611 3652 iit
630 3593 867 3672 conjunstionibur
924 3611 1001 3654 neta.
1031 3595 1109 3654 Natu
1125 3597 1193 3654 dum
1209 3594 1327 3653 latitudo
1348 3591 1423 3651 nulla
1441 3588 1480 3650 cll
1490 3629 1499 3659 ,
1526 3592 1586 3668 pla-k

200 3670 377 3750 planetarum
398 3710 409 3742 ,
437 3675 468 3735 &
489 3671 621 3746 distantia
640 3677 657 3736 a
676 3681 750 3740 terta
764 3675 822 3736 stutt
837 3695 866 3738 ut
925 3692 990 3736 neta
1009 3673 1132 3734 versatur
1156 3673 1186 3734 in
1205 3676 1286 3750 plano
1308 3671 1468 3750 Ecliptica,
1492 3672 1537 3730 seu
1553 3671 1583 3732 in

200 3748 334 3810 diametri
354 3771 516 3830 apparentes
543 3753 671 3825 inverte,
700 3757 806 3815 necesse
827 3757 866 3818 est
922 3755 999 3818 nodo
1013 3753 1110 3816 orbitae
1120 3756 1189 3826 suar,
1210 3752 1347 3814 invenitur
1362 3770 1585 3828 autemtemput,

199 3847 234 3908 ttt¹
247 3828 347 3910 orbitae
361 3833 483 3905 Martio,
502 3834 578 3896 lovis
595 3835 745 3898 &Saturni
755 3835 865 3899 burtel·
922 3835 971 3894 ubi
986 3834 1103 3897 latitudo
1120 3835 1193 3896 nulla
1209 3833 1275 3905 eli,
1310 3834 1484 3897 observando
1504 3833 1585 3896 illam

198 3911 256 3974 luri
277 3913 432 3975 admodum
451 3911 627 3982 excentrica.
821 3940 826 3946 ·
923 3935 1071 3993 antequam
1089 3917 1163 3975 nulla
1182 3915 1214 3975 stt
1232 3917 1261 3977 u
1283 3916 1330 3976 ubi
1347 3913 1479 3975 decrescit
1497 3951 1507 3982 ,
1537 3933 1585 3974 aut

242 3999 287 4068 (ί
306 3993 320 4064 )
340 4011 352 4062 5
359 3993 429 4052 8.·*
457 4001 556 4059 Eadem
572 3996 663 4078 ntiqui
669 3995 735 4075 suut
755 4017 868 4082 tempora
924 3997 1066 4073 polionem
1088 3995 1163 4056 nulla
1189 3996 1239 4057 luit
1257 3998 1288 4057 dt
1301 3997 1349 4056 ubi
1368 3993 1462 4054 erescit
1472 4033 1482 4064 ,
1502 3993 1585 4067 atqud

196 4077 339 4160 periodica.
371 4073 516 4156 Tempora
534 4077 675 4154 periodica
695 4077 865 4155 planetarum
925 4095 974 4154 pet
999 4077 1127 4158 regulam
1151 4077 1335 4156 proportionis
1352 4093 1386 4132 ex
1402 4072 1584 4134 incrementis

199 4155 279 4215 circo
305 4153 394 4215 solem
423 4159 478 4218 hoc
502 4155 590 4220 modo
609 4159 713 4238 posunt
736 4159 865 4221 inveniri.
922 4157 968 4219 vel
989 4155 1201 4226 decrementis,
1230 4155 1430 4218 determinatur
1448 4169 1583 4228 tempus,

198 4235 392 4298 observentur
426 4235 598 4316 planetarum
621 4236 805 4316 oppositiones
834 4243 865 4302 δι
921 4237 1032 4314 quando
1052 4239 1131 4297 nulla
1158 4237 1217 4297 suit.
1259 4237 1286 4296 Si
1307 4237 1399 4311 itaque
1423 4234 1584 4295 observetur

200 4317 409 4394 coujuomones
436 4337 500 4378 cum
522 4321 589 4380 Sole
598 4357 607 4387 ,
629 4337 691 4379 tunc
714 4319 789 4380 enim
807 4323 866 4398 pla·
924 4321 978 4379 hoc
995 4317 1082 4379 modo
1093 4335 1200 4396 tempus
1215 4319 1339 4393 elapsum
1356 4311 1583 4388 interappulsum

203 4414 269 4458 neta
288 4398 305 4458 ἐ
331 4400 397 4460 Sole
423 4399 533 4459 videtur
551 4399 580 4458 in
606 4399 670 4461 loco
687 4399 731 4476 qui
753 4400 860 4478 oppost-
924 4402 1038 4476 plattetae
1048 4398 1081 4454 ad
1098 4399 1225 4464 nodum,
1240 4397 1271 4456 dt
1284 4389 1536 4484 reditumejut'dept
1544 4393 1581 4451 ad

203 4491 246 4534 tus
262 4476 298 4535 ell
313 4479 377 4544 loto
397 4479 469 4540 Solio
491 4480 506 4539 ὲ
527 4485 600 4539 tetri
617 4478 681 4548 vin,
704 4479 776 4540 unde
795 4478 860 4542 dno
912 4472 1582 4552 *eundemnodum,hocerittempuaperiodtcum

201 4553 278 4616 Solis
302 4559 364 4618 loco
390 4557 470 4620 datu.-
486 4561 602 4639 planetae
629 4559 755 4620 locutio
779 4562 860 4621 coelo.
918 4561 1058 4640 planeta,
1086 4555 1188 4616 ronilat
1204 4557 1281 4614 enim
1303 4556 1474 4632 planetarum
1493 4554 1582 4614 nodos

198 4638 265 4696 Jam
293 4637 358 4718 verb
375 4640 521 4702 observatis
546 4641 665 4718 pluribus
685 4637 861 4719 oppositioni·
917 4641 964 4706 vix
980 4637 1007 4697 in
1026 4644 1079 4700 utri
1096 4637 1270 4699 revolutione
1287 4637 1400 4710 ,tanen
1422 4634 1540 4694 moveri.

199 4720 252 4790 bus
279 4735 346 4778 curn
372 4735 529 4800 temporum
545 4721 696 4786 intervallis
719 4719 791 4782 inter
811 4721 859 4783 sru-
959 4719 1190 4802 59.„Longitudo
1206 4739 1237 4779 ac
1253 4715 1370 4862 legendo
1389 4713 1582 4860 planetaewpb3

224 4809 229 4820 ‘
495 4807 503 4820 ⁷
1279 4803 1343 4884 '¹2
1422 4860 1428 4869 ¹
1538 4811 1595 4856 att·
