4444 5718
599 347 669 443 346
836 338 1182 430 lsaorstrro
1217 335 1457 414 Porsrua
1500 355 1552 412 rr
1585 334 1846 413 crosna·

438 508 512 584 Ga
527 527 562 582 r.
598 499 827 594 sintmaiores.
877 493 990 593 Atque
1013 493 1082 570 hoo
1093 490 1199 590 ipsum
1213 487 1421 586 experientia
1431 488 1632 577 confirmat,
1659 489 1726 591 qui
1744 491 1875 570 constat
1897 491 1995 572 usius

468 603 527 689 isi
600 601 769 694 majores,
792 589 853 694 qui
884 593 973 670 circa
996 590 1168 668 novilunia
1192 612 1233 664 ac
1255 587 1435 684 plenilrmia
1457 588 1683 686 contingunt,
1717 587 1845 669 tardiris
1862 589 1991 690 insequi

601 697 767 772 transtum
782 695 888 767 Lunae
904 713 963 786 per
982 688 1222 768 meridianum,
1246 689 1347 783 qosm
1361 686 1457 762 aestus
1471 685 1637 769 minores,
1658 685 1717 786 qui
1738 689 1826 766 eirca
1847 691 1992 788 qnadra-

599 812 692 870 turas
725 789 934 882 contingunt.
984 785 1076 861 Citm
1095 783 1183 858 enim
1206 785 1303 858 Luna
1327 783 1361 858 in
1387 782 1592 880 quadraturis
1612 785 1746 864 circiter
1768 786 1899 862 stom
1922 797 1991 861 tar·

600 887 676 968 diits
694 886 842 985 respersu
869 885 956 960 Solis
973 908 1033 982 per
1064 881 1278 958 meridianum
1303 881 1466 965 transeat,
1492 885 1589 980 qusm
1612 879 1647 956 in
1671 881 1854 980 syzygiis,
1889 882 1990 962 aesius

598 1003 713 1064 tamen
734 989 839 1062 noos
858 983 948 1059 horis
969 978 1118 1058 tarditisr
1143 978 1201 1054 sed
1221 993 1347 1054 tantum
1361 978 1493 1054 circiter
1515 1000 1534 1076 5
1552 987 1569 1075 ξ
1590 978 1680 1054 horis
1704 979 1829 1076 tardiiu
1851 979 1988 1056 accidit.

602 1083 745 1160 Videtur
770 1081 853 1160 veris
879 1079 978 1156 etiam
1002 1077 1173 1159 euentu,
1199 1077 1255 1174 qui
1273 1103 1334 1174 pro
1356 1093 1496 1173 utraque
1510 1075 1545 1153 vi
1558 1075 1642 1154 Solis
1661 1076 1819 1153 eoLuoae
1844 1080 1989 1171 conjun-

603 1181 685 1259 etim
711 1179 831 1256 institui
855 1177 964 1274 potest
982 1175 1078 1252 simisi
1099 1175 1229 1259 modo,
1269 1201 1338 1274 quo
1363 1199 1425 1269 pro
1448 1172 1572 1251 rotavi
1597 1173 1702 1250 Lunae
1727 1171 1892 1254 serimus,
1918 1175 1988 1268 ejus

596 1279 697 1354 ‘modi
714 1275 973 1356 retardationem
994 1276 1155 1370 majorem
1180 1275 1217 1349 in
1242 1271 1387 1372 syzygiis
1407 1271 1506 1369 quim
1527 1271 1562 1345 irr
1586 1271 1792 1368 quadraturis
1811 1270 1988 1387 inditate»

469 1410 472 1415 ·
604 1375 730 1452 etiamsi
748 1399 824 1452 eum
847 1375 894 1450 ob
907 1376 1046 1450 summas
1071 1371 1280 1448 difficultates
1294 1370 1337 1446 ad
1355 1367 1456 1446 finem
1479 1369 1662 1468 perducere
1676 1393 1747 1443 non
1766 1372 1989 1468 yduetnnusq

603 1473 736 1548 interim
750 1493 862 1550 tamen
879 1473 951 1550 satia
990 1470 1103 1548 sanum
1125 1468 1172 1546 eii
1186 1469 1388 1568 praeeipuam
1399 1468 1469 1562 ejus
1486 1464 1615 1546 eausam
1632 1465 1748 1566 inipsd
1760 1473 1878 1548 naturai
1891 1491 1988 1568 aquae

601 1567 666 1648 eise
692 1571 914 1668 quaerendam
1052 1583 1163 1648 artem
1182 1570 1280 1647 assata
1299 1567 1387 1646 ratio
1402 1564 1633 1678 retardationis
1654 1571 1673 1644 a
1704 1565 1891 1666 Fiatryiedr'o
1918 1593 1989 1646 ma-

603 1668 691 1753 ximi
704 1671 884 1762 probatur,
910 1665 1036 1768 quippe
1062 1669 1119 1770 qui
1135 1667 1325 1748 observavit
1346 1685 1527 1740 maximam
1546 1665 1804 1744 retardationem
1827 1693 1897 1746 non
1919 1686 1991 1746 tam

599 1763 747 1864 syzygiis
769 1763 974 1845 luminarium
998 1809 1010 1851 2
1046 1790 1156 1865 neque
1180 1765 1349 1840 minimam
1373 1759 1577 1859 quadraturis
1598 1761 1795 1858 respondere
1820 1809 1835 1848 t
1872 1769 1929 1844 sed
1949 1769 1990 1845 iis

598 1863 874 1958 tempestatibus,
899 1865 1019 1964 quibus
1039 1859 1356 1941 resstu'soleantesse
1375 1856 1511 1934 maximi
1533 1861 1570 1938 de
1588 1859 1736 1943 minimis
1762 1865 1799 1941 id
1820 1869 1992 1964 quodue·

596 1983 688 2036 mum
702 1963 776 2058 port
789 1963 1215 2060 syzygias&qnadraturas
1229 1958 1406 2052 contingit
1795 1995 1809 2054 J

649 2059 681 2145 §-
704 2077 762 2150 91.
808 2063 863 2134 Ad
893 2062 979 2133 itanc
1005 2073 1114 2131 autem
1142 2057 1306 2132 Fiuxuum
1327 2056 1347 2130 it
1366 2051 1508 2152 syzygiis
1527 2055 1572 2130 ad
1594 2055 1807 2156 quadraturas
1817 2062 1989 2142 accelera·

598 2153 757 2234 sonem,
794 2152 1114 2250 tespesiutransiuis
1147 2150 1597 2250 tamosissimam,
1621 2178 1662 2230 ac
1685 2161 1943 2238 retardationem
1967 2170 1990 2241 i

599 2253 804 2348 quadraturis
826 2255 870 2328 ad
889 2250 1042 2352 syzygias
1071 2293 1086 2331 2
1127 2249 1304 2347 plurimum
1330 2273 1462 2348 quoque
1487 2248 1538 2326 vis
1562 2251 1649 2328 Solis
1666 2250 1821 2334 conserte
1844 2259 1989 2338 videtur.

594 2351 703 2448 Supra
719 2349 808 2425 enim
832 2352 897 2444 jam
916 2349 1133 2428 indicavimus
1160 2347 1234 2444 port
1261 2347 1318 2446 syz
1341 2347 1412 2444 gias
1429 2343 1571 2422 Flexum
1599 2349 1765 2428 tranfimm
1792 2351 1899 2434 Lunai
1926 2384 1989 2456 per

594 2445 815 2524 oreridianum
845 2447 1043 2524 antecedere
1068 2448 1224 2558 debere..
1248 2449 1294 2520 ob
1317 2375 1429 2558 iorem
1449 2459 1520 2555 tum
1542 2448 1607 2540 jam
1640 2447 1753 2561 yersiu
1775 2453 1988 2534 horizontem

592 2543 844 2643 deelinantem
872 2544 1096 2628 rodemiam,
1120 2542 1262 2619 stabiirts
1276 2541 1410 2623 inertis.
1436 2543 1552 2619 metm
1571 2545 1792 2628 uovrsuntaac
1805 2552 1987 2649 plenilunia

595 2641 808 2740 sequentibus
836 2642 936 2720 aestus
963 2638 1072 2718 Maris
1095 2639 1190 2718 citiirs
1213 2639 1337 2735 insequi
1361 2641 1464 2714 debet
1488 2640 1656 2716 transitum
1679 2643 1787 2723 Lunae
1810 2673 1870 2744 per
1886 2654 1988 2730 meri·

597 2739 751 2822 diarium,
786 2745 885 2840 quem
903 2739 937 2814 in
965 2739 1039 2834 ipsis
1055 2737 1233 2838 syzygiis,
1279 2737 1314 2812 id
1336 2737 1431 2834 quod
1455 2737 1552 2813 etiam
1578 2739 1987 2831 observationesmtrifice
2043 2749 2049 2760 '

596 2837 816 2929 confirmatura
840 2839 927 2914 inter
951 2835 1093 2914 Flexum
1118 2835 1207 2911 enirn
1233 2833 1382 2932 quintum
1406 2838 1442 2911 dt
1463 2834 1588 2912 sextum
1611 2837 1686 2932 post
1706 2839 1859 2942 syzygias
1883 2867 1989 2930 retas.

509 2977 519 2990 ·
596 2933 687 3010 detio
702 2937 851 3032 respesiu
876 2933 960 3010 Solis
985 2949 1114 3010 tantum
1143 2952 1187 3029 ¹⁷
1202 2930 1317 3007 minut.
1344 2931 1628 3046 depreirenditur,
1651 2934 1729 3010 etim
1750 2957 1863 3020 tamen
1887 2945 1987 3028 Luna

597 3033 659 3121 24'
671 3035 862 3110 retardetur.
902 3030 1001 3104 Hanc
1021 3031 1067 3106 ob
1092 3035 1196 3106 rema
1221 3029 1301 3105 Sole
1314 3030 1551 3110 determrnatur
1569 3030 1667 3110 aestus
1686 3035 1731 3111 ad
1745 3033 1912 3118 adiionem
1932 3047 1988 3124 vi·

597 3131 681 3202 rium
713 3129 820 3226 magis
836 3127 953 3204 erade
972 3126 1171 3226 sequendam
1199 3164 1212 3207 a
1246 3150 1322 3226 qoae
1346 3129 1579 3207 determinatio
1597 3127 1672 3206 crim
1694 3133 1792 3212 duret
1814 3137 1917 3236 usqne
1939 3145 1985 3223 ad

595 3225 835 3334 quadraturas,
859 3226 976 3301 mirum
996 3247 1065 3302 non
1081 3226 1151 3309 esi,
1175 3223 1270 3323 qudd
1291 3224 1388 3302 assius
1407 3225 1477 3302 tirm
1490 3227 1639 3324 respectu
1650 3229 1757 3304 Lunae
1776 3233 1874 3314 etun
1893 3261 1983 3316 eon.

597 3336 751 3418 ungant,
775 3324 948 3423 magisque
969 3324 1012 3400 ad
1025 3321 1189 3432 caseolum
1206 3324 1378 3401 accedant.
1403 3323 1620 3402 Contrarium
1639 3328 1804 3406 evenitin
1851 3338 1984 3432 maresa

594 3419 632 3494 su
654 3422 673 3493 a
697 3416 902 3520 quadraturis
924 3423 967 3498 ad
992 3420 1167 3521 syzygias.
1193 3437 1426 3518 quotempore
1439 3421 1571 3499 restrui
1589 3425 1667 3500 Sole
1680 3357 1851 3506 continuij
1872 3449 1981 3512 retar-

597 3517 737 3604 dantur,
762 3521 895 3618 hocque
921 3515 1099 3595 necesaria
1124 3517 1289 3605 efficitur,
1312 3535 1350 3594 ot
1368 3521 1503 3596 tandem
1530 3519 1566 3596 in
1593 3521 1669 3620 ipss
1687 3526 1831 3626 syzygiis
1850 3523 1980 3610 Fluxu's

593 3615 719 3692 tardius
739 3617 925 3713 insequatur
943 3611 1048 3692 Luna
1074 3613 1342 3695 criminationem
1361 3621 1459 3717 quim
1484 3616 1519 3692 in
1545 3621 1760 3717 quadraturis
1793 3623 1895 3703 Hane
1919 3653 1980 3708 au·

594 3726 663 3787 tem
684 3713 845 3789 rationem
860 3735 935 3788 cum
951 3712 1179 3812 magnimdine
1198 3714 1296 3792 aeside
1318 3715 1586 3813 conjungendam
1599 3715 1663 3791 esse
1674 3737 1827 3815 muamus
1846 3725 1892 3800 ad
1905 3725 1981 3806 haec

593 3809 815 3906 phaenornena
836 3807 982 3905 persesti
1000 3811 1224 3910 explicanda,
1247 3810 1415 3909 saepisfime
1427 3813 1515 3888 enim
1534 3813 1843 3914 iuhdequaesiioue
1868 3821 1980 3918 plures

520 3909 524 3914 ’
593 3905 700 3980 causae
713 3908 756 3982 ad
769 3909 911 3980 eundem
926 3905 1081 3984 effeurm
1097 3911 1351 4004 producendum
1364 3925 1591 4000 concurrunt3
1616 3913 1683 3992 hoc
1696 3932 1807 3994 autem
1820 3918 1869 3992 est
1882 3918 1978 4020 idip-

593 3999 660 4076 srm
689 4003 781 4100 quod
797 4002 941 4080 careum
963 4005 1017 4080 ille
1038 4005 1243 4106 summopere
1263 4007 1448 4105 inplicatus
1467 4011 1505 4088 dt
1521 4007 1678 4089 molestus
1700 4014 1790 4113 quasi
1802 4038 1860 4112 per
1882 4029 1973 4095 trau*

593 4099 724 4175 sennam
749 4097 924 4175 ostendere
944 4100 1028 4180 visus
1051 4104 1111 4178 ert
1781 4165 1784 4176 .
1925 4169 1928 4176 .
1967 4119 1970 4126 '

641 4199 672 4287 §.
697 4220 755 4290 92.
783 4195 863 4288 Qua
893 4213 1004 4274 eutem
1026 4217 1093 4274 tam
1119 4197 1163 4276 de
1191 4196 1243 4274 his
1261 4199 1495 4280 Phaenomenis
1513 4206 1613 4303 quim
1638 4203 1772 4303 reliquis
1797 4203 1977 4290 certius&

592 4292 723 4372 solidiiu
747 4292 893 4388 judicare
917 4319 1101 4396 queamus,
1136 4294 1237 4392 ipsum
1262 4317 1388 4376 motum
1413 4299 1676 4399 progressuum,
1698 4325 1797 4397 quem
1819 4323 1908 4400 aqua
1932 4315 1978 4388 ab

592 4389 672 4464 eru
690 4389 834 4484 recipit,
858 4393 1142 4492 investigabimus.
1179 4391 1264 4471 Gim
1286 4397 1373 4472 enirn
1393 4421 1480 4497 aqua
1505 4397 1626 4474 eodem
1647 4398 1726 4474 loco
1745 4423 1835 4475 nuno
1857 4401 1976 4482 eleve-

593 4501 671 4573 tur,
692 4509 783 4566 nune
804 4489 974 4576 subsidat·
998 4492 1128 4576 neeesse
1147 4491 1194 4572 esi
1207 4495 1359 4594 utpriori
1368 4497 1540 4598 oduaqua
1559 4492 1689 4580 atoue
1703 4499 1841 4586 affluat,
1864 4502 1977 4616 portaf

714 4663 716 4668 .
1124 4622 1131 4676 ·.
1897 4621 1976 4676 rtort
