4430 5712
495 359 501 372 '
567 357 642 453 296
789 343 1117 443 luoursturo
1166 342 1761 428 Paustcntttsln'usn'tt

412 518 531 593 Car.
567 508 599 584 di
615 508 764 602 Splteras
780 503 964 600 competit,
983 526 1058 599 quae
1085 517 1167 578 totae
1184 525 1228 578 ex
1258 499 1397 577 materia
1418 497 1573 576 uniformi
1603 501 1673 575 sunt
1693 495 1888 578 conseiiae,
1908 501 1968 580 sed

447 615 502 698 li

568 607 666 680 etiam
691 623 726 678 ut
753 613 818 696 'qam
844 600 1088 679 indicavimus,
1114 602 1149 674 in
1169 601 1283 683 tales,¹
1301 624 1378 695 quae
1403 624 1447 673 ex
1468 599 1605 674 materia
1624 599 1782 674 coustant
1798 595 1972 681 difformi:

567 704 752 779 dummodo
775 700 810 772 in
841 700 1024 795 aequalibus
1049 703 1069 770 d
1102 716 1219 775 centto
1263 696 1448 774 distantiis,
1476 696 1611 774 materia
1646 697 1902 794 circumquaque
1932 697 1972 774 stt

568 803 784 890 bomouenca
811 798 866 870 seu
891 795 1001 870 saltem
1023 795 1166 888 ciuilem
1195 795 1372 872 densitatis.
1423 792 1508 868 Cium
1535 793 1635 888 igitur
1663 795 1804 868 Terram
1831 792 1891 866 stbi
1917 819 1972 870 re·

567 898 763 994 praesentare
791 895 890 968 liceat
912 911 1070 990 tanquam
1096 895 1292 990 Spbaeram,
1313 895 1337 966 sr
1361 913 1429 964 non
1451 917 1496 968 ex
1509 889 1666 970 uniformi
1681 893 1820 965 materd
1839 892 1969 969 confla·

567 1011 664 1071 tam,
691 1010 801 1067 tamen
834 991 902 1064 litte
931 991 1001 1065 ullo
1015 1013 1126 1064 errore
1140 992 1185 1065 ita
1198 1005 1451 1084 comparatam,
1475 990 1556 1064 utin
1582 989 1762 1086 aequalibus
1783 989 1971 1064 circacen-

569 1105 656 1164 trum
680 1087 862 1164 intervallis
884 1088 1055 1162 'materiam
1083 1090 1178 1185 aeque
1199 1089 1333 1162 densam
1355 1087 1526 1167 includat,
1553 1087 1662 1162 Terra
1686 1107 1821 1186 quoque
1835 1086 1973 1163 univer·

568 1189 600 1263 sa
625 1193 692 1262 tam
717 1192 736 1258 a
761 1184 840 1258 Sole
856 1189 952 1283 quam
974 1193 993 1258 a
1018 1183 1112 1258 Lund
1127 1188 1223 1280 aeque
1241 1182 1501 1262 sciscitabitur,
1531 1209 1570 1260 ac
1593 1183 1617 1257 li
1640 1185 1747 1258 onmis
1772 1185 1844 1277 ejusw
1863 1207 1970 1258 mare-

569 1286 619 1362 tia
646 1285 680 1356 in
706 1301 825 1357 centro
849 1283 925 1358 esset
949 1283 1100 1360 collecta.
1152 1282 1349 1378 Quanquam
1385 1280 1473 1353 enirn
1497 1307 1584 1356 nunc
1617 1281 1751 1379 quidem
1776 1282 1972 1356 accuratiu-

569 1382 632 1456 mis
656 1386 699 1456 ab
724 1375 936 1456 Illustrilstmd
963 1379 1146 1453 Academia
1172 1379 1281 1474 Regia
1307 1376 1460 1452 institutis
1494 1377 1602 1474 pailim
1630 1378 1784 1478 mentiaris
1808 1377 1884 1451 satis
1921 1381 1969 1454 est

570 1479 858 1556 demonstratum,
879 1477 999 1553 Terrae
1020 1475 1160 1572 liguram
1184 1480 1227 1550 ad
1253 1476 1349 1570 polos
1370 1473 1431 1547 eise
1457 1475 1688 1571 conpressam,
1713 1474 1823 1551 iamen
1844 1475 1970 1552 tanrilla

570 1579 591 1650 ὲ
616 1575 763 1672 parlasii
787 1576 925 1668 Sphaerd
952 1574 1140 1652 aberratio,
1165 1574 1197 1647 in
1226 1574 1296 1648 aliis
1312 1571 1446 1669 quidem
1473 1573 1617 1666 negotiis
1633 1571 1766 1647 maximi
1781 1573 1966 1653 momenti,

571 1673 607 1746 in
628 1678 693 1748 hoc
707 1672 855 1747 instituto
880 1671 954 1745 tutb
969 1673 1101 1768 negligi
1115 1671 1232 1767 potest.
1285 1669 1425 1764 Parique
1454 1667 1610 1754 ratione,
1648 1667 1772 1743 etiamsi
1800 1671 1910 1744 Terra
1934 1670 1969 1743 in

572 1771 754 1866 aequalibus
782 1777 801 1844 a
824 1787 942 1844 centro
969 1769 1127 1845 distantiis
1150 1794 1219 1842 non
1240 1767 1277 1840 stt
1302 1770 1397 1864 aequb
1417 1766 1539 1848 densa,
1566 1785 1677 1842 tamen
1693 1765 1880 1842 differentia
1895 1791 1968 1844 cer·

571 1869 608 1942 ti
631 1891 700 1940 non
723 1867 773 1942 est
796 1884 916 1950 tanta,
944 1883 980 1940 ut
1009 1891 1100 1942 error
1122 1866 1279 1940 ienstbilis
1303 1865 1381 1940 inde
1406 1863 1443 1937 stt
1473 1867 1677 1940 metuendus.

532 1997 538 2008 ·
622 1965 653 2052 ᾖ.
681 1987 738 2043 aa·
791 1961 838 2036 Ut
861 1964 962 2056 igitur
986 1964 1071 2040 vires
1101 1963 1336 2044 inveniamur,
1365 1985 1442 2057 quae
1475 1965 1615 2036 tendant
1638 1965 1681 2036 ad
1706 1961 1800 2035 litum
1828 1961 1971 2058 partium

572 2059 694 2136 Terrae
721 2061 895 2134 relativum
911 2061 1150 2144 immutandum
1168 2105 1177 2142 ,
1205 2057 1393 2131 desinenda
1413 2058 1460 2132 eii
1475 2059 1523 2134 vis
1536 2059 1779 2143 acceleratrirt,
1806 2063 1872 2162 quai
1887 2085 1970 2136 cerr·

573 2171 662 2231 trum
685 2156 805 2233 Terrae
832 2156 897 2232 live
924 2159 971 2232 ad
996 2157 1106 2228 Solem
1139 2156 1206 2232 five
1229 2158 1273 2228 ad
1300 2153 1429 2232 Lunam
1458 2175 1642 2252 urgeatur:
1668 2159 1734 2254 quai
1758 2157 1970 2252 cognitd,s1

574 2255 818 2348 comperiantur
843 2277 960 2328 omnes
982 2254 1103 2326 Terrae
1119 2269 1225 2348 partas
1249 2252 1433 2347 aequalibus
1448 2254 1572 2329 uiribus
1584 2253 1871 2330 acceleratricibus
1885 2256 1968 2332 &ut

573 2349 813 2426 directionibus
835 2351 996 2441 parallelis
1008 2351 1127 2444 tigeri,
1150 2351 1238 2423 nulla
1251 2353 1388 2420 amitino
1402 2349 1478 2424 satu,
1493 2351 1632 2424 mutatio
1648 2396 1658 2427 ,
1686 2351 1837 2451 nullaque
1852 2354 1967 2452 proin-

574 2447 619 2522 de
641 2447 748 2522 Mari's
769 2447 908 2548 agitatio
932 2448 1065 2523 orietur.
1116 2445 1183 2521 Sed
1203 2446 1313 2520 Tetra
1334 2447 1368 2518 in
1391 2446 1423 2520 se
1445 2447 1591 2544 spesina
1606 2451 1753 2523 omnium
1775 2453 1914 2544 partium
1929 2451 1970 2524 st-

574 2559 645 2617 tum
672 2563 818 2620 mutuum
843 2545 1040 2622 invariatum
1067 2543 1285 2622 conservabit.
1338 2543 1381 2615 At
1410 2545 1433 2618 sr
1461 2545 1574 2624 vires,
1602 2547 1721 2642 quibus
1742 2546 1971 2642 fingulaepar·

574 2656 625 2714 tes
652 2643 671 2714 a
698 2641 775 2718 sote
800 2658 855 2716 aut
870 2644 965 2716 Luni
992 2661 1179 2738 urgentur,
1203 2640 1434 2734 discrepantia
1463 2643 1497 2718 vi
1520 2662 1669 2720 centrum
1687 2644 1805 2718 Terrae
1818 2643 1971 2718 afficien«

574 2751 633 2818 te,
653 2743 720 2812 tam
745 2739 873 2816 rarione
895 2741 1085 2838 quantitatis
1112 2745 1211 2838 quam
1231 2737 1444 2820 directionis,
1472 2757 1540 2816 tum
1558 2743 1617 2817 nist
1645 2740 1817 2816 firmissime
1839 2742 1972 2816 interse

573 2835 638 2916 fint
650 2858 830 2916 connexae,
843 2839 876 2910 in
900 2839 962 2912 stru
975 2838 1030 2912 suo
1045 2854 1161 2914 mutuo
1180 2835 1366 2929 perturbari.
1376 2840 1553 2913 debebunt.
1604 2839 1748 2938 Hocque
1760 2839 1834 2913 casu
1846 2863 1976 2938 aquae,

576 2957 659 3030 quae·
677 2937 722 3008 ob
751 2933 946 3010 fluiditatem
974 2934 1009 3011 vi
1029 2934 1127 3007 etiam
1157 2933 1300 3007 minimae
1339 2936 1487 3018 cedunt,
1507 2936 1696 3011 laudabiliter
1733 2935 1969 3031 agitabuntur,

575 3049 677 3127 atque
704 3031 875 3106 affluendo
900 3029 1249 3128 defluendoque'aliis
1273 3031 1361 3105 locis
1381 3033 1623 3118 elevabuntur,
1647 3033 1716 3112 aliis
1729 3032 1980 3129 deprimentur..-

576 3125 663 3202 Citm
677 3145 785 3202 autem
810 3128 868 3203 iiie
894 3143 1029 3206 motus,
1057 3129 1115 3222 qui
1137 3127 1317 3222 insanguiis
1345 3127 1464 3206 Terrae
1478 3132 1624 3224 partibus
1648 3148 1853 3226 generatur,
1873 3131 1971 3210 adif-

575 3221 721 3299 serentid-
736 3226 819 3299 inter
844 3224 931 3302 vires
943 3243 1094 3300 centrum
1123 3223 1292 3302 Terrae&
1320 3224 1409 3319 ipsas.
1429 3241 1538 3321 partes
1553 3225 1764 3304 sollicitantes
1777 3229 1970 3324 proficisca-

577 3336 630 3396 tur
645 3363 665 3402 ,.
685 3321 821 3419 propria
840 3321 914 3408 vis,
938 3323 1003 3420 qud
1029 3345 1171 3420 quaeque
1197 3323 1355 3418 particula
1379 3323 1588 3418 agitabitur,
1610 3325 1821 3410 innotescet,
1846 3329 1870 3402 fi
1893 3327 1971 3406 tvi

575 3420 810 3495 acceleratrice
837 3419 924 3494 illam
946 3419 1139 3516 particulam
1159 3419 1353 3494 sollicitante
1369 3421 1596 3514 auferaturvis
1609 3423 1846 3507 acceleratrix,
1871 3449 1972 3523 quam

577 3533 731 3592 centrum
752 3517 872 3592 Terrae
896 3521 1038 3613 patitur:
1065 3515 1206 3611 haecque
1230 3516 1405 3604 subtrasiio
1419 3520 1465 3594 ita
1475 3519 1677 3600 instituitur,
1703 3535 1739 3594 ut
1756 3524 1874 3619 cuique
1891 3547 1973 3620 par·

575 3614 902 3711 ticulaepraetorvim
926 3616 1087 3690 aslueam
1115 3611 1342 3689 sollicitantem
1370 3615 1495 3694 aliavis
1524 3617 1742 3716 aequalisilli,
1771 3643 1870 3716 quam
1887 3643 1971 3694 ceu·

578 3729 665 3788 uum
688 3713 894 3807 perpetitur,
919 3711 953 3783 in
970 3709 1154 3785 directione
1178 3711 1349 3786 contraria
1368 3713 1531 3809 applicata
1545 3717 1772 3810 concipiatur:
1790 3733 1860 3791 nrm
1881 3716 1969 3794 enim

577 3807 630 3884 uis
643 3833 720 3906 quae
742 3833 789 3882 ert
809 3807 1048 3905 compositione
1072 3811 1187 3883 batum
1208 3809 1346 3884 duarum
1364 3811 1491 3893 oritur,
1511 3811 1573 3887 erit
1599 3837 1680 3892 vera
1701 3813 1752 3891 vis
1777 3814 1993 3910 particulam

577 3903 668 3981 iilam
695 3907 837 3980 deloco
860 3907 917 3982 suo
942 3904 1132 3980 deflectens.

493 4037 498 4046 ·
625 4005 656 4097 §.
678 4025 734 4098 23·
784 4003 1018 4078 Consentanea
1047 4005 1096 4076 est
1114 4008 1187 4079 baec
1214 4004 1365 4081 redutiio
1382 4003 1549 4104 principiis
1562 4007 1776 4086 mechanicis
1795 4053 1807 4092 ,
1829 4005 1965 4105 *quibus

577 4099 726 4176 ilatuitur
744 4119 870 4176 motum
892 4101 1066 4175 relativum
1094 4101 1134 4172 irt
1158 4103 1330 4198 systemate
1354 4121 1567 4200 quotcunque
1589 4129 1764 4200 corporum
1786 4111 1822 4184 bt
1849 4109 1867 4176 a
1896 4103 1970 4200 qui-

576 4199 768 4293 buscunque
791 4199 918 4276 viribus
941 4197 1187 4272 sollicitatorum
1224 4223 1356 4273 manere
1384 4201 1602 4286 invariatum,
1626 4205 1650 4276 fi
1679 4225 1752 4274 nou,
1774 4200 1877 4276 totum
1904 4201 1970 4273 toti

576 4293 741 4387 systemati
762 4313 870 4370 motus
898 4295 1070 4392 aequabilrs
1093 4294 1127 4364 in
1153 4295 1314 4370 dimdium
1335 4297 1433 4371 simul.
1450 4297 1684 4395 imprimatur,
1701 4297 1761 4372 sed
1785 4301 1886 4376 etiam
1908 4299 1971 4373 stu·

577 4390 664 4488 gulis
686 4391 831 4481 partibus
849 4393 936 4468 vires
962 4395 1108 4490 aequales
1138 4415 1276 4486 quarum
1303 4393 1505 4468 direcliones
1528 4398 1589 4471 stnt
1614 4397 1698 4468 inter
1721 4395 1751 4470 se
1777 4397 1969 4491 parallelas,

576 4484 800 4590 applicentur..
831 4487 965 4563 Nostro
979 4491 1081 4590 igitur
1103 4491 1178 4571 catu
1194 4505 1305 4569 motta
1325 4491 1659 4588 intestinuspattium·
1674 4493 1803 4570 Terrae,
1814 4517 1881 4568 uon
1898 4513 1969 4568 tur·

1100 4641 1105 4648 ·
1812 4591 1941 4672 babitus
1959 4635 1980 4680 γ,
