4444 5718
562 340 635 424 288
786 337 1429 441 ·lnours1rro⁴llrrrarct
1467 367 1518 424 rrr
1559 343 1812 426 Crustu·
1924 398 1935 420 r

425 499 532 583 Gne.
568 477 675 572 Luae
697 488 830 568 omnem
853 511 980 572 motum
1003 495 1109 572 subitd
1135 494 1264 578 adimi,
1287 494 1382 574 Luna
1408 496 1525 598 ntique
1550 497 1594 575 ad
1624 494 1769 571 Terram
1794 483 1965 578 accedet,

345 629 350 632 ·
459 599 486 682 L
573 613 673 668 nemo
697 604 807 665 autem
822 614 891 666 non
903 596 1096 673 concedet,
1123 597 1227 690 probe
1248 597 1414 693 perpenso
1429 596 1598 694 principiis
1621 585 1846 666 mechanicis,
1869 583 1962 660 Ter·

572 709 643 766 tanr
664 687 790 762 interea
812 712 880 762 non
897 693 1030 788 prorslrs
1051 692 1112 778 esse
1139 692 1350 792 quieturam,
1374 695 1428 769 sed
1444 696 1551 772 Lunae
1568 688 1701 768 obviarn
1716 689 1851 770 ituram·
1879 703 1964 796 ⁰03¹·

575 784 768 882 cursumque
782 785 817 859 in
839 791 1008 864 communi
1029 788 1204 884 gravitatis
1226 809 1344 867 centro
1364 792 1584 888 contingere:
1608 791 1675 865 hoc
1696 804 1809 886 antem
1826 801 1967 862 evenne

575 907 645 960 oon
671 883 814 978 poterit,
836 885 897 961 nist
911 885 1019 963 Terra
1035 885 1114 966 adu
1126 889 1170 962 ad
1189 885 1317 974 Lunam
1342 888 1540 968 sollicitetur.
1592 886 1723 966 Deinde
1745 885 1780 960 in
1799 883 1871 979 ipsa
1896 879 1966 958 Lu·

578 985 622 1060 od
646 979 845 1076 gravitatem
866 983 937 1059 dari
960 983 1095 1061 srmilem
1118 979 1214 1067 lruic,
1240 1009 1339 1084 quam
1358 987 1393 1074 in
1419 986 1532 1063 Terra
1558 987 1730 1066 sentimus,
1756 981 1877 1078 negati
1894 1003 1966 1054 non

499 1095 503 1104 '
579 1077 717 1178 potest3
741 1079 900 1155 nilienim
926 1082 998 1160 talis
1021 1083 1074 1178 vis
1089 1081 1126 1157 irr
1143 1084 1239 1158 Luna
1269 1083 1431 1178 vigeret,
1467 1079 1581 1162 Partes
1599 1084 1706 1158 Lnnae
1727 1081 1864 1172 liuidae,
1886 1075 1968 1154 crim

579 1180 626 1254 ob
652 1175 852 1272 gravitatem
875 1177 909 1253 in
922 1179 1092 1260 Terram,
1116 1179 1184 1258 tlun
1210 1184 1256 1256 ob
1277 1198 1404 1256 motum
1428 1179 1535 1260 lunae
1551 1177 1640 1281 circ'a
1651 1179 1818 1278 proprium
1841 1197 1965 1259 axente

578 1277 638 1352 otsr
662 1276 700 1350 fit
722 1272 901 1351 admodum
914 1279 1047 1363 lentos,
1072 1280 1187 1356 &tem
1237 1277 1449 1374 tiperiodico
1473 1280 1635 1380 aqualia,
1659 1280 1722 1370 jam
1737 1271 1861 1352 dudslffl
1884 1296 1966 1348 avo*

580 1373 723 1450 hiscat,
763 1373 934 1467 partesue
957 1377 1069 1451 solidae
1095 1303 1338 1453 consiliatam
1362 1377 1449 1452 suam
1473 1376 1654 1454 amisissent.
1693 1371 1844 1450 Pluribus
1868 1370 1968 1447 deni-

582 1469 647 1570 qui
674 1469 744 1548 aliis
771 1473 891 1549 rationr
915 1498 952 1550 us
971 1497 1015 1548 ex
1032 1477 1149 1550 natura
1175 1475 1338 1552 vorticum
1365 1473 1496 1572 petitis,
1526 1477 1635 1574 magis
1656 1469 1843 1548 confirmari
1863 1465 1967 1580 pollet

582 1573 647 1646 tale
674 1591 795 1662 corpus
816 1573 1042 1658 mundanum,
1060 1572 1240 1666 cujusmodi
1261 1573 1308 1648 esi
1332 1569 1453 1652 Luna,
1479 1574 1646 1651 subsistere
1668 1593 1736 1644 uon
1757 1567 1864 1666 polle,
1908 1565 1970 1642 mfi

579 1667 709 1746 v‘ortice
730 1671 768 1743 stt
782 1667 945 1752 cinslunr,
969 1671 1200 1769 quo'gtauitas
1224 1669 1258 1744 in
1283 1671 1318 1744 id
1343 1689 1533 1768 generetur.
1581 1669 1687 1766 Qudd
1707 1669 1731 1742 st
1751 1685 1860 1742 autern
1887 1687 1967 1758 gra-

582 1765 776 1843 vitationem
795 1766 910 1843 venias
940 1765 1067 1842 Lunam
1089 1769 1313 1844 concedamus
1335 1809 1348 1851 ,
1387 1791 1446 1844 cur
1467 1773 1536 1864 ejus
1552 1769 1717 1848 astionem
1744 1789 1812 1839 oon
1836 1763 1887 1840 ad
1904 1785 1970 1838 noo

547 1891 548 1898 ¹
581 1865 680 1960 os'qud
707 1863 941 1948 admittamus,
966 1864 1055 1939 nulla
1077 1865 1215 1941 omnind
1230 1864 1315 1942 ratio
1338 1863 1475 1941 firadet:
1500 1866 1580 1963 quin
1594 1863 1703 1960 potiris
1716 1863 1874 1960 ejusmodi
1898 1859 1972 1936 vim

582 1960 719 2034 similem
743 1960 838 2039 llatui
859 1964 1061 2040 conveniet,
1088 1962 1223 2060 reliquis
1251 1962 1287 2036 in
1308 1964 1434 2037 mundo
1457 1962 1689 2060 deprehensis,
1716 1985 1794 2058 quc
1816 1957 1905 2057 quali
1933 1958 1971 2035 in

584 2056 747 2170 inlinitum
781 2060 1015 2156 porriguntur,
1039 2074 1139 2158 atque
1168 2058 1330 2137 inversam
1360 2059 1564 2158 duplicatam
1597 2075 1712 2135 tenent
1742 2055 1971 2134 clislantiatutn

583 2171 757 2232 tanmem.
1000 2213 1003 2222 ,
1518 2223 1521 2232 .

634 2252 665 2342 l.
696 2275 749 2328 ro.
774 2250 836 2330 Hit
861 2251 1018 2348 expofitis
1032 2253 1236 2330 manifestum
1256 2251 1332 2334 eil,
1359 2231 1421 2330 δι’
1457 2251 1502 2328 asi
1527 2243 1732 2352 experientia
1751 2249 1979 2335 convictum,

585 2349 728 2426 Terram
747 2373 822 2425 cum
847 2351 982 2445 singulis
1008 2351 1068 2428 sula
1093 2352 1238 2450 partibus
1259 2368 1326 2427 tam
1348 2373 1422 2429 vers
1479 2351 1606 2427 Lunam
1635 2355 1732 2450 quam
1767 2345 1883 2430 rerslrs
1907 2347 1970 2424 So·

581 2449 646 2523 lem
672 2445 833 2546 perpetud
859 2449 1045 2531 sollicitati,
1069 2468 1167 2548 atque
1194 2469 1370 2546 utramque
1387 2449 1464 2525 vim«
1480 2449 1768 2568 proportionalem
1793 2445 1857 2522 esse
1883 2445 1970 2522 reci·

586 2549 691 2642 proce
718 2549 888 2644 quadrais
903 2547 1140 2623 distantiarum.
1178 2544 1242 2622 llae
1268 2545 1369 2641 igitur
1384 2545 1496 2630 vires,
1522 2569 1595 2622 cum
1620 2547 1695 2621 adiu
1710 2547 1861 2624 exiliant,
1887 2567 1975 2619 con·

584 2643 776 2743 stanterque
791 2641 943 2721 effessum
970 2643 1057 2720 suurn
1084 2663 1247 2723 exerant,
1273 2646 1306 2716 in
1328 2641 1478 2740 praesenti
1503 2646 1669 2737 negotio,
1695 2669 1762 2742 quo
1781 2643 1819 2727 jn
1843 2635 1976 2718 causam

585 2740 682 2818 aellris
708 2742 816 2819 Maris
836 2741 1051 2842 inquirimus,
1075 2739 1396 2860 praeteririomnind
1422 2759 1615 2839 nequeunt3
1649 2739 1709 2817 rrisr
1733 2739 1876 2816 dluctda
1891 2741 1977 2818 ant'e

583 2840 626 2918 fit
641 2845 841 2936 probatum,
860 2865 916 2917 aas
933 2863 1001 2914 non
1025 2840 1125 2914 solum
1152 2835 1297 2916 Fruxrm
1311 2857 1351 2912 ac
1376 2833 1552 2916 Rrsluxum
1568 2863 1637 2914 non
1652 2862 1835 2934 generate,
1850 2837 1908 2912 sed
1929 2859 1975 2910 oe

586 2937 720 3036 quidem
753 2938 829 3037 quic
855 2961 935 3012 uam·
959 2933 1101 3011 efficere.
1152 2938 1292 3013 sienim
1319 2933 1393 3008 istac
1423 2941 1513 3012 vitea
1535 2935 1627 3011 illum
1656 2938 1819 3012 duntaxat
1845 2952 1977 3011 motum

584 3033 793 3129 reciprocum
865 3036 911 3110 ari
924 3033 1079 3132 inducere
1101 3033 1259 3113 valeant,
1287 3038 1499 3135 quantumvis
1514 3033 1549 3110 'is
1570 3033 1667 3109 etiam
1681 3035 1718 3108 fit
1733 3033 1899 3128 exiguus,
1926 3051 1975 3107 at·

587 3155 653 3227 que
672 3129 760 3205 oded
786 3130 881 3206 astri
902 3128 1011 3206 Maris
1037 3128 1172 3208 fortasse
1194 3129 1399 3210 contrarios,
1425 3155 1535 3208 earum
1555 3149 1667 3204 tanren
1681 3132 1769 3207 ratio
1793 3127 1978 3206 necessarii>

587 3226 652 3302 etit
674 3231 854 3308 habenda,
880 3226 956 3306 curn
976 3227 1047 3310 stne
1062 3226 1127 3304 illis
1152 3254 1232 3306 vera
1245 3229 1366 3308 causat,
1392 3251 1611 3329 quaecumque
1632 3227 1683 3304 lit,
1710 3253 1818 3325 neque
1836 3227 1973 3304 invelli-

465 3415 468 3421 Ι
586 3323 662 3422 gari
682 3349 792 3426 neque
805 3325 964 3426 cognosci
977 3325 1082 3420 polilt.
1130 3325 1249 3428 Neque
1278 3345 1440 3423 ptaetstea
1455 3324 1542 3402 sanae
1560 3325 1695 3424 rationis
1708 3347 1875 3421 praecepta
1895 3346 1974 3420 pet·

587 3424 720 3499 mittunt
741 3425 821 3502 alias
845 3427 935 3501 uires
958 3424 1184 3518 excogitate,
1209 3429 1242 3498 in
1265 3423 1366 3523 iisque
1386 3426 1510 3498 causam
1525 3423 1624 3501 aettm
1648 3420 1756 3500 Maris
1778 3423 1974 3502 collocares

569 3539 765 3617 antequam
789 3522 963 3601 evidenter
981 3518 1019 3594 stt
1041 3519 1324 3606 demonstratum,
1351 3521 1445 3596 binas
1473 3521 1547 3598 illas
1570 3522 1658 3599 vires
1686 3523 1797 3596 Solem
1824 3515 1972 3596 Lunam·

530 3643 533 3650 ’
589 3643 653 3718 que
681 3618 884 3716 spcslantes,
909 3616 1234 3716 quasnongratuitd·
1252 3617 1468 3704 assumstmus,
1494 3619 1548 3696 sed
1563 3644 1607 3694 err
1625 3617 1806 3694 certissimis
1830 3619 1976 3693 Plraeno·

589 3717 696 3790 menis
714 3714 747 3789 in
769 3717 897 3792 mundo
914 3711 1055 3790 exiliere
1082 3716 1256 3794 novimus.
1282 3717 1328 3793 ad·
1345 3711 1487 3791 Fluxum
1508 3741 1548 3793 ac
1562 3711 1740 3792 Rellurum
1756 3717 1863 3792 Maris
1888 3741 1975 3812 pro·

588 3813 779 3889 ducendum
809 3837 882 3888 non
908 3811 970 3886 asie
988 3811 1200 3890 fundentes.
1234 3811 1273 3888 Io
1298 3813 1509 3910 sequentibus
1529 3831 1641 3890 autem
1656 3815 1819 3909 capitibus
1840 3813 1975 3890 clarirt-

588 3909 642 3984 ml
666 3911 772 3986 sumus
797 3910 978 3992 ostensuri,
1004 3911 1118 3986 alahis
1148 3911 1275 3988 duabus
1297 3909 1515 3990 viribmnm
1539 3911 1703 3988 solitario
1729 3912 1875 3988 Oceano
1902 3935 1974 3984 nro·

586 4021 657 4082 rum
677 4009 883 4105 reciprocum
907 4006 1062 4101 generari
1074 4009 1223 4091 debere,
1245 4011 1301 4084 sed
1325 4008 1508 4085 etiameum
1522 4010 1649 4106 ipsum,
1670 4008 1731 4107 qui·
1752 4007 1850 4083 auno
1872 4007 1973 4084 mari·

585 4105 621 4180 ni
636 4104 773 4182 nomine
788 4103 938 4200 insrgniri
965 4104 1077 4181 solet:
1116 4123 1215 4204 atque
1241 4107 1345 4198 ¹hanc·
1360 4111 1497 4183 obrem
1519 4107 1655 4183 fitoritet
1680 4114 1748 4202 jam
1771 4107 1974 4184 affirmamus

585 4199 846 4284 seraranan
872 4227 912 4279 ac
931 4199 1098 4278 Renuxm
1122 4205 1250 4282 causam
1270 4203 1304 4278 ln
1325 4204 1398 4280 solis
1424 4203 1488 4278 illis
1506 4206 1633 4280 duabus
1657 4204 1804 4282 viribus,
1834 4227 1974 4300 quarum

587 4299 691 4382 altera
711 4301 759 4376 ad
771 4300 883 4375 Solem
897 4301 945 4375 cst
968 4300 1123 4383 diresla,
1145 4303 1248 4382 altera
1260 4303 1307 4377 ad
1325 4298 1478 4381 Lunam,
1500 4300 1561 4376 elie
1582 4303 1718 4396 positam
1736 4325 1754 4394 ·,-
1773 4297 1904 4396 ltneque
1933 4297 1981 4374 ni
2113 4333 2114 4337 ¹
2204 4321 2205 4334 ¹

587 4397 827 4473 automatum
853 4423 970 4475 eorum
993 4398 1168 4476 sententias
1184 4395 1339 4476 firnditl'ra
1353 4398 1554 4488 evertimus,
1580 4400 1636 4494 qui
1658 4397 1712 4476 vel
1736 4395 1820 4506 altis·
1831 4393 1974 4472 omninll

589 4493 1095 4579 vultuatumttaenomenon.
1113 4496 1323 4586 adscribere,
1344 4497 1402 4596 vel
1423 4495 1660 4598 munusuipsrs
1685 4495 1765 4574 elias
1788 4517 1977 4576 etrescon-

587 4598 725 4700 irtogete
745 4609 923 4674 conanum
1076 4654 1085 4670 .
1777 4689 1781 4696 ἱ
1864 4591 1897 4682 S·
1916 4589 1976 4670 ¹¹ss
