4406 5718
473 357 568 437 Ab
614 347 988 438 re'ttnttttt
1036 357 1399 444 LIBRUM·
1527 299 1700 446 «π’.

299 505 361 586 2⁶.
402 507 552 582 Siderum
586 503 741 583 refradio
773 506 817 582 ad
841 507 988 604 fingulos
1020 507 1199 588 altitudinis
1224 513 1365 611 gradus.
1406 513 1636 593 observatione
1671 527 1700 602 c
1713 559 1770 612 A?
1809 563 1813 574 .

253 603 385 682 definiri
409 602 528 700 potest.
564 603 645 678 Ello
671 599 745 676 HR
772 602 935 680 horloini
965 606 991 676 P
1030 611 1034 616 “
1695 625 1743 708 11
1773 599 1782 618 ⁶

255 703 356 800 polus
368 697 542 784 mundi‚AE
556 699 591 792 Q
605 695 891 812 aequator‚PZH
912 700 992 775 Me·
1745 691 1753 709 '

258 801 433 874 ridianusi
473 795 504 870 Z
528 797 548 876 S
571 797 603 865 V
629 795 768 870 circulus
791 795 956 873 uertizalis
982 841 995 882 ,

256 893 318 972 PS
333 892 366 968 D
393 897 428 972 dt
461 892 579 976 Psn,
612 891 726 968 circuli
753 891 994 970 declinationis.

254 990 365 1066 Stellae
388 988 466 1090 litae
496 989 647 1086 Fpropie
678 985 801 1063 Zenith
832 989 995 1064 constitu·

250 1102 298 1160 be
327 1087 522 1162 observetur
545 1086 688 1161 altitudo
708 1085 889 1162 meridiana
911 1085 995 1166 HF.

254 1208 334 1282 quac
363 1180 617 1290 &refractione
632 1181 735 1294 libera
756 1183 828 1265 est,
856 1187 893 1260 δι
915 1181 994 1258 inde

250 1297 388 1452 fflffi
411 1276 766 1470 οῗῗέῐνέῑῗτᾚιῗῑῗεηῖ
787 1278 1052 1454 sselsaelsnsfl
1084 1321 1085 1327 γ

250 1474 372 1644 Belitae
398 1475 538 1550 altitudo
564 1473 719 1569 quaelibet
747 1471 768 1548 S
789 1473 901 1568 V3&
927 1495 993 1566 ope

277 1596 298 1644 o

299 1568 425 1664 tologii
465 1569 654 1646 oscillatorii
691 1585 824 1644 notetur
860 1583 992 1666 tempus

249 1667 347 1762 quod
381 1665 465 1742 inter
484 1665 625 1762 primani
654 1669 690 1742 dt
721 1664 897 1742 secundam
927 1668 999 1750 01)·Ι

251 1761 470 1839 servationem
501 1762 699 1844 intercedit,
741 1767 777 1840 δι
804 1763 989 1836 inveniatur

175 1911 179 1918 ·
248 1883 347 1934 arcus
372 1856 616 1956 aequaturis'AE
638 1857 672 1931 D
693 1859 749 1953 qui
777 1883 819 1933 eo
847 1876 998 1954 tempore
1027 1880 1086 1951 per
1110 1855 1333 1938 meridianum
1355 1861 1479 1938 transiit
1511 1870 1532 1953 (
1551 1871 1635 1963 16).

256 1955 358 2030 Stella
378 1981 458 2049 onae
480 1957 525 2031 ob
537 1951 769 2032 refractionem
787 1956 821 2028 in
840 1957 919 2032 loco
940 1956 1084 2033 altioris
1109 1973 1245 2050 apparet
1264 1957 1303 2029 sit
1328 1961 1444 2033 reuerd
1465 1962 1495 2034 in
1512 1964 1547 2042 S,
1575 1968 1638 2043 etit

236 2052 279 2128 Ῥ
291 2052 361 2126 SD
374 2050 512 2140 circitlus
527 2053 755 2128 declinationis
775 2053 873 2128 stella
887 2053 920 2126 in
941 2056 963 2128 S
983 2050 1190 2134 constitutae,
1213 2057 1250 2130 di
1278 2051 1311 2125 in
1332 2054 1498 2152 triangulo
1523 2058 1586 2133 PZ
1599 2064 1636 2144 S,

247 2152 381 2227 dabitur
404 2150 543 2244 angulus
566 2147 644 2224 ΖΡ
670 2149 710 2233 S,
734 2152 826 2244 cujus
850 2149 998 2226 mensura
1022 2147 1074 2222 eli
1092 2171 1186 2224 arcus
1218 2147 1258 2221 AE
1279 2148 1312 2225 D
1332 2175 1406 2226 cnm
1428 2157 1529 2229 latere
1559 2163 1582 2230 Ρ
1601 2160 1635 2232 Ζ

248 2249 343 2344 quod
369 2245 418 2320 est
440 2245 594 2322 distantia
609 2248 678 2345 poli
700 2245 860 2324 avertice
873 2251 909 2324 dt
921 2248 1023 2322 latere
1039 2243 1066 2318 P
1081 2243 1127 2320 S,
1153 2248 1244 2339 quod
1256 2247 1304 2322 est
1320 2248 1549 2328 declinationis
1568 2255 1634 2334 DS

248 2345 307 2419 seit
328 2336 370 2414 Ε
389 2339 416 2414 F
443 2347 746 2438 complementum,
768 2345 859 2420 unde
879 2342 1041 2422 invenitur
1060 2341 1142 2414 latus
1167 2341 1235 2418 ZS
1262 2367 1335 2419 cum
1358 2349 1527 2422 altitudine
1552 2351 1634 2436 SV,

231 2441 498 2534 'coinpleinento
521 2441 629 2516 lateris
652 2439 723 2516 ZS.
775 2439 809 2516 si
832 2442 917 2535 ergd
946 2463 990 2514 eir.
1013 2436 1182 2512 altitudine
1207 2439 1381 2516 observata
1401 2445 1494 2524 st,
1516 2448 1635 2524 subdu.

202 2583 206 2589 v
247 2553 344 2615 catut
364 2533 503 2610 altitudo
529 2537 664 2614 inuenta
686 2537 707 2615 S
729 2533 785 2616 V,
807 2561 882 2634 quse
906 2543 926 2614 i
949 2533 1145 2613 :effatione
1172 2531 1275 2607 libera
1297 2533 1367 2614 est,
1390 2541 1520 2616 dabitur
1540 2565 1634 2620 arcus

181 2709 184 2716 .
248 2635 338 2714 Ssi
386 2629 540 2708 restauro
562 2633 661 2709 stelae
688 2634 722 2708 in
749 2636 896 2730 quolibet
919 2636 1028 2731 gradu
1053 2628 1241 2706 altitudinis.
1288 2629 1368 2710 lsoc
1387 2637 1492 2712 modo
1512 2635 1554 2714 D.
1579 2645 1634 2713 De

229 2733 283 2804 ¹lu
322 2734 405 2804 Hire
438 2729 471 2803 in
504 2731 623 2808 tabulis
657 2729 892 2807 Astronumicis
930 2726 1118 2807 observavit
1156 2724 1370 2807 retractiones
1408 2734 1548 2810 siderum
1581 2737 1634 2812 di·

227 2828 350 2906 ·uerfis
384 2826 462 2903 anni
496 2827 767 2924 tempestatibus,
802 2827 838 2902 in
865 2829 935 2924 pari
954 2824 1125 2902 altitudine
1145 2821 1283 2898 eisitan
1300 2829 1635 2928 eneexceptisrefra·
1769 2881 1773 2887 ·

247 2924 416 2999 <tionibus
435 2922 522 2998 circa
546 2924 754 3000 horizontem
781 2949 861 3022 quas
885 2921 1050 3000 nonnullis
1074 2921 1302 2996 inconstantiis
1327 2926 1493 3004 obnoxias
1510 2955 1635 3026 eriper-

229 3035 304 3095 ,τηε
328 3019 398 3103 est,
422 3025 522 3116 atque
547 3021 624 3098 hinc
648 3019 778 3096 unicam
798 3021 943 3098 tabulam
968 3018 1203 3098 testationem
1230 3043 1274 3094 ex
1299 3018 1371 3118 ipsis
1397 3024 1635 3102 observationi·

250 3115 507 3198 bondoniciam
529 3119 714 3200 constitnit,
742 3141 839 3216 quam
854 3119 968 3212 postea
980 3115 1181 3212 correxitD.
1210 3113 1376 3209 Cuffious,
1396 3123 1431 3198 &
1455 3121 1495 3196 eb
1517 3149 1633 3200 corre.

250 3213 306 3288 sld
324 3231 457 3290 utuntur
482 3212 688 3290 Astronomi.
731 3214 902 3310 Quoniam
921 3214 1190 3293 verdriidiorum
1220 3217 1302 3288 lucis
1326 3215 1360 3288 io
1382 3221 1632 3313 atmospliaeram

244 3309 462 3388 incidentium
484 3311 660 3411 obliquitas
677 3337 752 3389 cum
774 3310 888 3387 sideris
911 3318 929 3386 b
952 3311 1079 3389 vertice
1106 3309 1260 3386 distantia
1273 3311 1416 3396 crescit,
1439 3314 1549 3391 iisdem
1565 3319 1633 3392 ob·

244 3407 482 3486 servationibus
501 3409 630 3488 invenit
653 3407 867 3486 refrasliones
889 3409 1029 3484 silerum
1055 3405 1220 3484 'auertiue
1242 3411 1288 3482 acl
1307 3409 1519 3485 horizontem
1533 3416 1633 3510 usque
1758 3412 1760 3416 ’

244 3503 303 3578 ubi
324 3505 476 3580 maximae
504 3507 603 3586 sunt,
626 3505 788 3583 continnd
813 3505 955 3600 augeria
977 3523 1009 3580 at
1030 3506 1120 3602 quod
1143 3527 1186 3579 ex
1213 3503 1326 3578 alienis
1348 3505 1632 3587 obseruationibus

245 3597 475 3697 supponebat,
500 3603 658 3681 videlicet
684 3601 900 3680 retractiones
924 3602 1106 3678 borealium
1131 3599 1305 3695 regionum
1321 3599 1400 3697 ¹ipsit
1423 3603 1521 3680 etiam
1536 3607 1632 3683 aelia-

247 3709 304 3778 tei
329 3697 432 3792 lenge
455 3702 595 3796 majores
612 3701 672 3776 elle
695 3705 793 3799 quim
815 3701 848 3774 in
873 3702 969 3777 ainis
991 3699 1205 3792 temperatis,
1232 3697 1266 3770 id
1286 3699 1420 3774 minime
1438 3727 1550 3778 veroin
1567 3703 1630 3778 elle

241 3789 425 3869 ostendunt
448 3799 667 3874 accuratiores
688 3798 936 3874 obseruationes
963 3799 1005 3872 ab
1027 3793 1239 3872 Academicis
1263 3796 1489 3875 Parifienfibiis
1506 3803 1629 3876 adcir·

222 3889 355 3963 »culum
379 3891 529 3987 polarem
554 3894 837 3993 habitationibus
863 3893 1079 3970 resrasliones
1101 3893 1198 3966 etiarn
1223 3893 1446 3970 horizontales
1473 3895 1632 3972 Parilien·

245 3985 332 4060 sibus
344 3989 489 4084 aequales
504 3991 713 4065 invenerunt.
755 3991 840 4064 Vide
857 3989 994 4066 Domini
1011 3994 1062 4060 De
1078 3993 1290 4086 Maziperlitt's
1307 3991 1531 4067 nobilifflmoui
1547 4016 1631 4090 opus

242 4081 290 4156 de
312 4080 422 4177 figurd
448 4085 571 4163 telluris
595 4113 653 4182 per
677 4087 923 4163 oblatrationes
946 4088 988 4161 ad
1011 4085 1168 4163 circulum
1191 4087 1338 4182 polirem
1362 4086 1505 4163 definiit

221 4225 226 4236 ·
296 4198 352 4275 27·
377 4177 548 4256 Refradlio
573 4185 684 4260 sideris
713 4185 1000 4263 declinationem,
1032 4181 1254 4258 ascensionem
1276 4186 1421 4269 retiam,
1442 4183 1628 4278 longitudi-

241 4294 323 4348 stem
345 4300 384 4351 ac
395 4275 602 4356 latitudinem
627 4279 752 4374 efficit3
776 4287 812 4358 dt
827 4305 920 4358 arcus
946 4281 1061 4357 circuli
1089 4279 1223 4352 maximi
1251 4307 1316 4379 qno
1341 4282 1453 4356 fideris
1476 4281 1629 4357 declina·

242 4367 322 4457 tio,
339 4373 487 4450 ascensio
507 4382 624 4464 resta,
649 4379 830 4476 longitudo
852 4384 888 4458 ὃ(
911 4379 1052 4458 latitudo
1074 4374 1229 4452 minuitur
1256 4379 1312 4455 uel
1328 4393 1471 4476 augetis
1488 4399 1629 4550 ffic-

289 4525 304 4536 ..
403 4531 407 4538 .
624 4537 632 4548 ,
1580 4499 1627 4550 10.
