4444 5718
616 383 690 461 292
852 361 1180 466 Inoutsnrato
1217 355 1462 436 Puretcn
1499 375 1553 432 trt
1595 349 1828 436 Cauennt

449 521 564 702 eff,
610 505 743 680 capculo
769 507 936 605 perfectus
963 505 1138 586 consensus
1165 503 1466 584 Plraenomenotum
1488 525 1564 580 cum
1589 468 1743 580 'flamia
1770 501 1869 582 suerit
1892 505 2010 590 decla·
2058 583 2064 596 ‚

533 681 540 701 ,
601 627 649 704 η
664 629 711 680 us.

619 787 2003 828 mmm-...up

931 831 1186 1002 cm}
1233 917 1682 1000 SECUNDUM.

842 1121 897 1196 De
920 1117 1046 1194 viribus
1068 1118 1154 1194 Solis
1173 1117 1215 1197 (7
1240 1119 1339 1194 Luna
1364 1115 1409 1189 ud
1432 1117 1536 1190 Mure
1555 1113 1755 1193 movendum

1951 1248 1992 1298 μ’,

611 1308 645 1405 §.
675 1311 728 1387 td.
858 1312 955 1388 Fue
974 1331 1140 1390 crus,
1178 1334 1263 1410 quoe
1295 1307 1382 1388 viret
1408 1310 1484 1384 otim
1510 1309 1596 1386 Solis
1615 1307 1685 1385 ttim
1706 1305 1812 1385 Lunae
1837 1314 1914 1386 ante
1939 1295 2000 1388 lla'·

525 1469 540 1496 .
881 1413 984 1486 bilitae
1013 1411 1046 1484 in
1069 1411 1214 1486 Terram
1240 1425 1413 1487 exerunt,
1448 1408 1492 1482 ad
1512 1409 1581 1482 duo
1631 1430 1732 1482 encra
1757 1405 1830 1482 sunt
1854 1405 2001 1484 referen-

493 1585 496 1592 ,
610 1504 672 1580 di:
694 1529 834 1604 quorum
854 1507 992 1598 alterum
1007 1532 1067 1584 eos
1087 1497 1476 1602 compleetmreffeetus
1502 1529 1586 1604 quos
1605 1431 1663 1583 ,lul
1685 1527 1725 1581 ac
1750 1499 1845 1579 Luna
1869 1503 1905 1578 in
1926 1509 2001 1582 um'·
2060 1589 2063 1594 ,

610 1601 736 1678 versam
756 1596 910 1681 'senam
942 1619 1109 1702 tamquam
1133 1629 1232 1680 unum
1258 1625 1379 1699 corpus
1403 1600 1644 1677 confideratam
1673 1617 1832 1696 exercet3
1856 1601 1995 1680 alterum

610 1697 696 1774 verd
722 1724 800 1782 eos,
823 1725 907 1798 quos
932 1701 1068 1812 lingulae
1088 1700 1207 1776 Terrae
1230 1717 1339 1795 partes
1362 1698 1522 1776 turribus
1546 1698 1631 1774 Sulis
1653 1723 1693 1775 ac
1704 1694 1810 1774 Lunae
1822 1700 1996 1794 patiuntur.

610 1792 665 1868 Ad
679 1795 816 1874 effedius
832 1798 950 1894 prioris
965 1801 1094 1896 generis
1113 1797 1394 1894 investigandos,
1417 1797 1523 1871 omniu
1538 1797 1659 1873 Terre
1678 1795 1814 1872 materia
1836 1813 2001 1894 tanquam

610 1889 645 1963 in
671 1895 771 1969 unico
785 1895 932 1990 pundlo,
958 1916 1074 1973 centro
1090 1896 1212 1972 scilicet
1225 1892 1424 1989 gravitatis,
1451 1893 1592 1970 colletia
1608 1889 1857 1976 consideratur,
1876 1917 1916 1970 ac
1932 1897 1999 1971 tim

611 2010 655 2062 ex
680 2005 771 2065 motu
794 1990 887 2064 inlito
913 1996 1009 2090 qulam
1024 1995 1149 2072 viribus
1173 1991 1419 2068 sollicitantibus
1437 1990 1689 2065 motus.Terrae
1715 1989 1941 2086 progreffivus
1966 1992 2000 2066 in

502 2110 511 2122 ·
607 2083 666 2158 sud
684 2087 793 2162 orbita
808 2089 1016 2172 determinari
1043 2091 1132 2167 solet.
1171 2089 1226 2164 Ex
1240 2089 1372 2184 hocque
1388 2085 1551 2181 principio
1576 2086 1718 2162 innotuit
1731 2085 1799 2162 vim
1814 2086 1900 2164 hanc
1934 2089 1998 2166 So·

607 2181 648 2256 lis
672 2185 822 2270 efficere,
847 2202 885 2260 ut
911 2189 1121 2264 Terracirca
1145 2187 1256 2278 Solem
1284 2185 1318 2257 in
1340 2181 1451 2258 orbiti
1469 2183 1613 2296 ellipticd
1634 2181 1904 2266 circumferatur,
1930 2187 1999 2263 vim

608 2273 713 2356 Lunae
736 2299 844 2358 autem
871 2299 939 2358 tarn
971 2285 1033 2360 elie
1058 2283 1229 2360 debilem,
1254 2301 1290 2356 ut
1315 2280 1372 2358 uix
1389 2305 1429 2358 ac
1449 2307 1490 2358 ue
1506 2306 1563 2358 trrx
1585 2283 1718 2382 quidem
1734 2281 1836 2356 ttllaur
1861 2282 1997 2360 lensrbi·

606 2374 671 2450 lem
706 2378 986 2475 perturbationem
1014 2383 1046 2456 in
1077 2397 1167 2455 motu
1189 2381 1309 2458 Terra
1333 2401 1446 2453 annuo
1472 2382 1658 2476 producere
1685 2380 1805 2456 valeat.
1866 2377 1995 2456 Contrd
2080 2406 2081 2409 ’

607 2489 716 2548 autem
742 2477 941 2562 docebitur,
968 2479 1034 2556 vim
1062 2480 1166 2552 Lunae
1181 2479 1224 2552 ad
1239 2475 1480 2573 partes‘rerrae
1502 2477 1588 2552 inter
1607 2477 1638 2552 se
1665 2477 1930 2555 commovendas
1955 2501 1997 2556 ac

606 2571 707 2647 Mare
730 2574 921 2668 agitandum
945 2575 1049 2652 multb
1076 2575 1137 2650 esse
1157 2571 1329 2650 fortiorem
1352 2569 1387 2648 vi
1401 2573 1511 2661 Solist
1536 2598 1579 2649 ex
1603 2595 1672 2672 quo
1694 2573 1854 2672 plerisque
1879 2575 1989 2670 primo

607 2665 725 2746 intuitu
749 2673 870 2746 lemme
894 2675 1088 2770 paradoxon
1108 2670 1277 2748 videatur,
1307 2667 1400 2768 qudd
1414 2668 1465 2745 uis
1485 2668 1590 2746 Lunae
1615 2673 1649 2744 in
1670 2671 1772 2769 priori
1785 2671 1859 2747 casu
1884 2673 1998 2768 respe-

607 2761 664 2840 ete
682 2767 733 2844 vis
760 2769 842 2847 Solis
866 2771 1066 2849 evanescat,
1092 2765 1166 2846 cirm
1186 2775 1297 2842 samen
1322 2766 1439 2840 eadem
1462 2768 1536 2846 casu
1550 2767 1721 2864 posteriori
1737 2767 1872 2844 multum
1897 2793 1996 2846 exce·

608 2865 666 2939 dat
693 2865 761 2940 vim
792 2867 888 2942 Solis.
938 2870 1004 2942 Sed
1036 2891 1153 2944 mox,
1192 2863 1267 2941 cirm
1294 2861 1434 2939 effeetus
1463 2861 1625 2964 utriusque
1646 2867 1779 2964 generis
1802 2865 1996 2960 diligentibt

606 2961 801 3039 evolvemus
824 2969 862 3044 dt
884 2969 1148 3062 perpendemus,
1172 2963 1244 3038 satis
1270 2962 1414 3038 dilucide
1455 2965 1583 3042 atebit,
1605 2989 1664 3040 eos
1686 2963 1771 3038 inter
1794 2965 1824 3038 se
1847 2965 1992 3044 maxime

607 3059 818 3154 discrepare,
846 3077 944 3156 atque
959 3066 977 3136 ὲ
993 3065 1051 3144 ui,
1077 3085 1152 3160 quae
1176 3063 1208 3135 in
1229 3060 1425 3137 universam·
1476 3066 1582 3136 errarit
1601 3061 1769 3136 minimum
1798 3079 1914 3138 exerat
1945 3061 1993 3141 es·

605 3151 751 3322 pedum,
776 3159 955 3328 nsrfiarrimam
975 3177 1086 3239 tamen
1105 3158 1325 3256 agitationem
1349 3155 1490 3254 partium
1517 3159 1637 3236 Tenue
1655 3160 1740 3234 lutet
1767 3157 1799 3234 se
1816 3158 1895 3236 oriti
1919 3161 1991 3258 pos·

619 3258 700 3332 e&
718 3255 784 3330 vici
821 3279 861 3329 m.
1647 3305 1649 3310 <

654 3347 684 3440 l.
718 3373 773 3440 ¹7·
810 3349 862 3428 Ad
887 3351 975 3426 illum
1003 3371 1110 3432 autern
1136 3356 1250 3430 harum
1274 3347 1395 3426 virium
1417 3349 1683 3448 effedlum,·qui
1706 3347 1740 3424 in
1763 3355 1990 3435 commotione

602 3453 740 3542 partium
761 3447 881 3526 Terrae
902 3451 986 3525 inter
1010 3453 1039 3526 se
1054 3449 1224 3532 consistit,
1250 3445 1518 3538 dijudicandum,
1542 3467 1619 3526 ante
1631 3449 1743 3524 omnia
1766 3453 1872 3546 probe
1893 3473 1989 3532 nom-

602 3545 630 3618 ri
655 3565 810 3640 oportet,
841 3547 1023 3717 stlingplae
1047 3547 1165 3623 Terrae
1195 3563 1301 3641 partes
1325 3544 1449 3644 viribus
1469 3547 1650 3644 aequalibus
1676 3551 1712 3624 dc
1733 3545 1767 3621 in
1788 3547 1983 3626 directioni-

604 3641 664 3714 bus
687 3641 772 3717 inter
792 3643 821 3716 le
851 3645 970 3740 paralle
984 3668 1010 3718 rs
1031 3645 1269 3725 sollicitentur,
1288 3665 1331 3713 eo
1346 3645 1421 3718 casu
1437 3645 1557 3720 nullam
1571 3641 1709 3718 omnino
1726 3649 1989 3725 commotionem

603 3739 743 3832 partium
767 3740 869 3823 oriri,
894 3741 1018 3818 etiamst
1039 3744 1100 3816 fint
1115 3739 1257 3816 maxime
1271 3737 1383 3814 liuidae
1403 3741 1558 3839 nulloque
1576 3741 1712 3818 vinculo
1733 3742 1878 3820 invicem
1906 3769 1990 3820 con·

601 3855 719 3917 turrae,
742 3836 796 3910 sed
819 3855 923 3911 totum
950 3837 1065 3916 uirium
1094 3837 1247 3914 effedlum
1277 3837 1313 3909 in
1334 3835 1467 3934 integro
1496 3850 1623 3916 tantum
1653 3863 1794 3934 corpore
1817 3844 1988 3920 movendo

601 3931 805 4005 consumtum
828 3934 866 4006 iri
888 3961 902 4030 3
935 3935 1073 4032 perinde
1093 3937 1172 4014 acsr
1194 3951 1302 4008 totum
1327 3931 1447 4010 Terrae
1469 3961 1590 4034 corpus
1611 3936 1664 4014 vel
1689 3935 1726 4010 in
1740 3939 1841 4026 unico
1864 3939 1989 4036 pundo

599 4023 676 4101 ellet
701 4027 905 4112 conflatum.
929 4033 984 4108 vel
997 4056 1041 4108 ex
1056 4033 1191 4108 materia
1204 4028 1375 4106 firmissime
1395 4032 1480 4108 inter
1494 4034 1523 4110 se
1549 4039 1706 4121 connexa
1725 4037 1898 4121 constaret.
1932 4035 1987 4114 Ex

600 4149 669 4224 quo
693 4121 895 4201 manifestum
929 4127 977 4202 esl
1000 4147 1109 4224 partes
1132 4129 1253 4204 Terrae
1286 4127 1396 4202 saltem
1419 4127 1537 4208 fluidae
1565 4179 1577 4218 ,
1612 4154 1688 4228 quae
1715 4131 1837 4208 viribus
1862 4137 1986 4211 cedere

573 4241 751 4322 putant.
788 4223 873 4300 inter
898 4225 932 4300 se
958 4227 1163 4316 commoveri
1195 4250 1263 4299 non
1288 4223 1401 4322 polie,
1431 4229 1492 4302 nlfi
1517 4231 1536 4303 ὲ
1560 4228 1685 4307 uiribus
1707 4229 1906 4312 dilfimilibus
1931 4256 1988 4308 ur·

597 4339 758 4422 guantur:
784 4336 882 4417 atque
907 4325 993 4399 hanc
1017 4326 1062 4399 ob
1080 4349 1152 4402 rem
1171 4347 1241 4397 non
1264 4323 1459 4416 magnitudo
1485 4327 1603 4403 virium
1617 4345 1727 4422 partes
1744 4321 1864 4404 ‘Fetrae
1893 4329 1987 4406 solli·

599 4413 794 4507 citandum,
814 4418 875 4493 led
891 4419 1000 4516 ponito
1029 4420 1270 4498 dissimilitudo,
1296 4421 1362 4517 qua
1381 4417 1457 4495 cbm
1477 4421 1667 4524 quantitatis
1696 4416 1766 4496 timi
1792 4421 1987 4505 directionie'

476 4563 477 4566 a
597 4514 726 4591 tatioue
759 4519 845 4591 inter
876 4517 908 4594 se
938 4519 1146 4616 discrepant,
1182 4539 1260 4618 euru
1286 4514 1469 4624 effessum,
1496 4545 1563 4620 quo
1587 4521 1662 4598 srtue
1681 4521 1827 4620 partium
1855 4542 1988 4603 mutuus

1910 4645 1992 4718 pet!
