4406 5718
483 431 572 510 nu
624 403 999 506 tur-irum
1047 411 1360 494 tranum,
1580 431 1605 482 v

265 581 470 659 Mersdiurtus
491 579 541 653 ell
568 574 710 653 circulus
735 568 899 648 verticalis
929 570 955 638 Ρ
977 564 1008 637 Ζ
1030 565 1061 640 Ν
1091 566 1124 637 R
1145 563 1316 675 perpolos
1335 557 1448 635 mundi
1472 555 1501 632 P
1527 557 1598 652 &p
1644 568 1673 644 C
1687 595 1711 644 Α
1728 591 1756 643 ρ,

214 682 457 760 taruennae
484 672 627 772 proinde
651 667 812 766 aequaturi
835 663 1113 762 perpendicularis
1135 668 1170 739 te
1187 659 1329 748 circulos
1347 679 1465 731 omues
1488 677 1602 748 aequa·
1699 665 1726 742 Ι,
1780 745 1784 754 Ι

216 778 285 852 tori
308 769 646 873 parallelosbifariaor
669 767 846 841 dividens'
872 758 1061 838 luterseslio
1082 757 1171 853 plani
1198 753 1378 830 Meridiani
1403 776 1478 828 cum
1504 750 1604 842 plano

220 873 401 949 horizontis
425 867 504 944 HR
530 867 585 945 vel
610 866 664 938 hr
686 861 805 938 dicitur
829 861 930 931 Linea
951 857 1149 928 Meridiunu.
1181 852 1330 927 Circulus
1356 851 1528 927 Veniensis
1545 850 1609 938 pri·

220 969 341 1046 uarius
362 968 408 1042 ell
435 967 487 1040 ille
506 959 668 1043 verticalis
697 957 752 1056 qui
770 981 831 1053 per
858 959 953 1052 polos
980 951 1150 1026 meridiani
1178 949 1298 1024 transit.
1362 949 1409 1022 sit
1435 949 1465 1020 Z
1481 944 1507 1014 V
1524 941 1556 1014 N
1572 943 1606 1014 X

219 1065 386 1141 verticalis
408 1062 580 1161 primarius
601 1055 811 1133 horizontem
830 1051 1021 1128 rationalem
1041 1048 1120 1124 HV
1136 1045 1165 1120 R
1181 1050 1221 1121 X
1250 1047 1446 1122 intersecans
1474 1047 1505 1114 in
1525 1039 1555 1104 V
1572 1045 1606 1116 dt

221 1157 280 1240 X,
342 1183 417 1237 uem
439 1157 636 1234 meridianus
658 1153 757 1228 etiam
777 1151 862 1226 secat
878 1150 912 1223 iu
939 1148 975 1222 H
1000 1151 1037 1226 δι
1058 1144 1099 1218 R.
1144 1145 1269 1221 Punsla
1294 1159 1433 1241 quatuor
1457 1140 1519 1248 Rs
1535 1139 1603 1244 X)

220 1253 283 1340 H,
308 1185 342 1330 V
370 1251 523 1334 dicuntur
558 1253 705 1327 cardines
734 1247 868 1336 munau
906 1243 1062 1341 punitum
1089 1242 1224 1340 quidem
1262 1241 1295 1316 tt
1327 1240 1361 1314 in
1390 1239 1605 1346 hemispherio

220 1353 349 1430 boreali
371 1354 475 1430 cardo
502 1345 762 1446 septentrionis,
789 1342 829 1420 H
853 1341 1164 1418 cerdonianus,
1197 1338 1226 1404 V
1255 1338 1298 1414 ad
1324 1351 1434 1430 partes
1459 1335 1605 1412 Ouenm

221 1453 327 1527 cardo
353 1451 555 1528 Orientis&
581 1445 737 1544 punctum
762 1439 947 1538 oppositum
971 1438 1012 1510 X
1033 1437 1136 1515 cardo
1162 1436 1355 1510 Occidentis.

274 1661 308 1734 9.
335 1640 503 1718 Dillantia
533 1635 719 1716 horizontis
741 1635 932 1734 apparentis
955 1639 998 1714 ab
1018 1637 1194 1716 horizonte
1221 1659 1304 1713 vtro
1324 1634 1392 1712 srvi
1412 1633 1534 1710 telluris
1565 1634 1583 1708 s
1596 1673 1612 1693 -

222 1735 430 1814 midiameter
451 1743 472 1810 S
497 1739 558 1819 T,
585 1733 826 1810 sensibilisnun
847 1733 897 1807 est
910 1735 972 1812 est
997 1733 1187 1813 conferatur
1207 1757 1282 1810 cum
1299 1731 1459 1808 stellarum
1477 1735 1497 1824 (
1517 1728 1611 1806 Lund

222 1829 294 1909 sere
317 1835 385 1912 solt
407 1837 549 1930 excepte
574 1836 594 1928 )
630 1831 811 1914 distantiis,
843 1834 879 1907 δι
904 1829 982 1906 ideh
1006 1848 1093 1908 terra
1116 1831 1266 1930 respestu
1291 1829 1425 1923 sphaerae
1449 1829 1612 1904 stellarum
1743 1908 1748 1922 ‚

222 1943 382 2028 tanquam
407 1933 590 2028 punitum,
617 1931 654 2007 δι
681 1928 820 2028 quilibet
836 1942 934 2002 terrae
959 1927 1052 2004 locus
1081 1947 1235 2028 tanquam
1260 1927 1354 2018 hujus
1378 1926 1512 2017 sphaerae
1535 1950 1613 1998 cen·
1752 1949 1766 2000 ·.

225 2040 313 2101 trum
341 2027 542 2105 considerari
565 2025 680 2125 potell.
718 2023 805 2098 Nam
828 2046 946 2099 omnes
966 2022 1037 2100 lere
1065 2027 1339 2100 Allronnmorum
1370 2021 1616 2100 obseruationes

225 2119 263 2197 id
287 2123 473 2224 supponunt
498 2131 571 2209 5&
598 2137 755 2218 computa
776 2121 854 2196 inde
873 2119 961 2195 inita¹
987 2143 1062 2196 cum
1092 2121 1317 2220 phaenomenis
1335 2117 1519 2198 caelellibus
1538 2145 1616 2212 qua·

224 2220 335 2296 drant.
371 2221 478 2298 Porri>
505 2219 788 2320 quemadmodum
809 2215 1052 2314 smgulaterrae
1074 2221 1148 2296 loca
1169 2245 1229 2317 pro
1255 2241 1371 2296 centro
1392 2219 1528 2312 spherae
1542 2218 1617 2290 llel·

226 2315 331 2392 larum
359 2319 501 2415 usurpari
519 2318 668 2415 poliunt,
695 2314 740 2388 ita
761 2313 846 2410 fingi
859 2313 967 2411 potest
988 2316 1023 2388 in
1047 2317 1157 2412 spatiis
1177 2319 1363 2394 colonibus
1388 2315 1544 2410 sphaerica
1568 2316 1619 2389 s-

228 2414 382 2510 perficies
417 2417 509 2509 cujus
535 2431 625 2490 tanta
650 2411 691 2486 stt
717 2412 878 2486 diameter
911 2427 947 2486 ut
972 2411 1057 2488 illius
1083 2414 1233 2510 respetiu
1259 2416 1430 2490 euaneliat
1457 2411 1540 2486 Solis
1565 2412 1621 2490 vel

228 2511 335 2587 stellae
360 2511 637 2586 datae··hTellure
652 2507 828 2586 distantia,
850 2511 886 2584 δι
906 2507 1002 2600 hujus
1024 2507 1159 2604 sphaerae
1173 2517 1320 2584 centrum
1337 2510 1457 2602 poterit
1469 2511 1620 2584 colloca·
1658 2545 1661 2550 ’

224 2607 254 2681 ri
288 2605 515 2686 indifferenter
548 2608 606 2685 vel
639 2606 675 2680 iu
700 2607 788 2679 terrd
810 2604 865 2684 vel
893 2603 928 2676 in
952 2603 1019 2680 sole
1047 2623 1104 2681 aut
1128 2605 1163 2678 in
1182 2605 1283 2702 spatio
1308 2605 1518 2680 intermedio.

280 2827 341 2884 10.
367 2805 523 2882 Altitudo
534 2805 604 2906 poli
617 2807 646 2880 P
661 2800 765 2904 suprrl
786 2801 983 2876 horizontem
1001 2803 1054 2878 est
1071 2805 1244 2881 meridiani
1255 2801 1430 2882 arcusPll
1453 2807 1565 2904 'apulo
1578 2811 1622 2886 ad

229 2903 444 2980 horizontem
472 2903 682 3093 interceptus.
726 2898 776 2974 Ea
801 2901 927 2997 semper
955 2902 1090 2996 aequalis
1114 2903 1160 2978 esl
1185 2903 1274 2979 arcui
1297 2901 1385 2975 ZAE
1408 2898 1427 2972 ’a
1449 2906 1623 2982 uerticeZ

236 3000 280 3075 ad
302 3015 507 3095 aquatorem
531 3001 574 3072 AE
639 2997 826 3091 intercepto
850 3025 862 3092 3
898 2995 984 3072 Nam
1004 2997 1086 3074 liert
1110 2998 1223 3076 circuli
1271 3001 1483 3080 uaduntiuu
1508 3001 1625 3084 ZPR

233 3101 272 3175 δι
298 3095 342 3168 AE
357 3093 430 3170 ZP
449 3095 646 3172 subducatur
668 3117 762 3172 arcus
784 3093 968 3170 communis
987 3095 1083 3178 ΖΡ,
1121 3025 1337 3173 remanehunr
1361 3121 1456 3178 arcus
1479 3103 1625 3194 aequales

237 3192 327 3266 ΕΖ
352 3196 388 3270 tlt
411 3189 491 3267 PR.
551 3193 708 3267 Altitudo
732 3192 903 3286 aeqtratoris
918 3189 1025 3288 superi
1047 3195 1245 3267 horizontem
1266 3195 1313 3270 est
1338 3217 1431 3274 arcus
1455 3197 1626 3275 meridiani

235 3291 280 3365 Ε
295 3287 356 3368 Η,
383 3287 470 3364 inter
483 3308 687 3384 aequatorem
711 3293 747 3368 δι
771 3289 980 3364 horizontem
1002 3290 1226 3387 interceptus3
1248 3291 1384 3388 aequalis
1408 3295 1457 3370 est
1477 3295 1625 3392 comple·

235 3401 350 3461 mento
379 3383 558 3460 altitudinis
590 3386 661 3482 poli
683 3388 736 3462 seu
773 3388 860 3462 arcui
887 3383 959 3459 ΖΡ
982 3433 995 3470 ,
1023 3392 1136 3485 quud,
1160 3389 1271 3464 ablato
1304 3413 1349 3463 ex
1390 3395 1625 3486 quadrantibus
1668 3405 1670 3412 '

234 3481 272 3558 ll
285 3483 328 3554 Αἰ
342 3483 375 3552 Ζ
398 3485 435 3561 dt
459 3483 503 3556 AE
519 3485 551 3553 Z
565 3481 592 3558 P
606 3479 773 3558 communi
787 3507 865 3560 arcu
876 3485 961 3554 ΒΕΖ
976 3482 1180 3560 manifestum
1193 3484 1253 3558 est.
1302 3487 1457 3560 Altitudo
1472 3509 1627 3585 apparens

234 3579 350 3656 fidens
372 3579 427 3656 vel
450 3580 566 3677 pundi
591 3579 763 3674 cuiuslibet
783 3575 811 3653 L
830 3583 862 3662 in
887 3577 1013 3675 sphaere
1038 3579 1232 3663 mundandi
1262 3581 1310 3656 est
1330 3583 1470 3680 angrtlus
1488 3585 1588 3666 st
1608 3630 1628 3671 ·‚

194 3710 202 3720 ’
238 3677 297 3752 suu
322 3699 391 3774 quo
418 3701 462 3752 ex
485 3694 601 3754 centro
626 3681 647 3750 S
672 3677 856 3754 horizontis
878 3677 1031 3754 sensibilis
1052 3680 1181 3755 videtur
1208 3702 1302 3755 arcus
1322 3677 1352 3755 L
1377 3683 1531 3759 vcireuli
1551 3709 1626 3762 ver·

234 3771 343 3849 ticalis
361 3797 422 3868 per
446 3771 585 3855 Ldutti
605 3774 705 3873 usque
733 3777 776 3850 ad
805 3776 1014 3851 horizontem
1040 3772 1222 3852 lenfibilem
1247 3777 1270 3848 h
1296 3805 1319 3854 v
1343 3803 1360 3854 r
1381 3803 1414 3853 x.
1437 3865 1443 3872 ,
1473 3779 1626 3858 Altitudo

238 3879 321 3948 ¹vera
348 3869 462 3966 punslt'
485 3868 515 3944 L
539 3873 589 3948 est
615 3873 756 3967 angulus
778 3871 808 3948 L
828 3872 864 3947 T
886 3871 918 3946 V
943 3916 955 3956 ‚
984 3872 1038 3947 seu
1072 3871 1166 3967 ipsius
1190 3873 1337 3952 mensur-a
1365 3900 1458 3953 arcus
1478 3876 1506 3955 L
1531 3877 1564 3948 V
1591 3879 1625 3952 in

240 3967 367 4044 circulo
388 3967 539 4046 venicali
564 3993 624 4066 per
648 3968 794 4046 Lduilo
822 3970 978 4068 usquead
1000 3969 1207 4045 horizontem
1227 3973 1420 4048 rationalem
1444 3971 1627 4050 HVRX

182 4157 185 4162 Ι
234 4045 470 4238 gqqlpidqgt)
496 4065 660 4148 stellarum
698 4065 838 4144 fixarum
861 4073 898 4146 δι
929 4065 1006 4142 lulis
1028 4065 1217 4144 altitudines
1245 4087 1441 4167 apparentes
1468 4077 1504 4150 δ(
1536 4093 1626 4149 verae
1678 4086 1691 4112 ³

239 4333 241 4340 ’
295 4359 350 4414 rt.
384 4335 461 4430 Ja'm
478 4341 566 4418 veth
594 4344 662 4442 qud
685 4341 814 4419 ratione
837 4343 1057 4440 phaenomena
1081 4367 1156 4440 quae
1173 4345 1265 4442 supr'a
1279 4344 1478 4420 retulimus,
1505 4344 1542 4420 δι
1566 4343 1628 4422 alit

240 4462 319 4536 quae
337 4437 496 4534 deinceps
519 4437 734 4520 referemus,
773 4441 940 4516 obseruari
961 4439 1161 4536 potuerint,
1205 4439 1323 4534 parteis·
1344 4462 1568 4537 exponemus3
1592 4445 1629 4520 st

244 4534 378 4626 eudem
410 4537 455 4615 ab
484 4537 711 4620 observatione
735 4538 914 4618 altitudinis
940 4535 1129 4632 apparentis
1153 4535 1293 4616 fiderunt
1328 4561 1403 4638 quae
1423 4539 1625 4647 praeciprmm

484 4655 489 4662 ·
584 4659 592 4668 ·
928 4653 998 4730 a3
1519 4650 1626 4712 torm
