4486 5720
1232 59 1265 124 7

1309 158 1328 194 .

273 559 1670 1130 CAUSADPEHYSICA

314 1137 764 1574 urnulas
802 1141 1651 1578 Ξτέὶιὲῑξὲυχυς
1737 1431 1742 1439 ¹

268 1663 335 1784 A
380 1667 471 1786 D.
492 1643 582 1787 Π.
624 1665 788 1785 Mne
816 1733 836 1756 ·
863 1663 1137 1786 Lnuntu
1177 1566 1682 1788 Matbnnnricarznu

457 1828 773 1993 Prrffefflrre,
818 1823 1136 1946 &societate
1176 1825 1487 1952 Academiae

548 1993 567 2026 ⁹
751 1987 1181 2166 Edimbuugeufis,

269 2189 506 2302 ornnouun'
516 2232 759 2300 contuntur
770 2232 908 2295 uarat
919 2177 1027 2306 urii,
1046 2234 1231 2299 NATURAE
1239 2237 1401 2301 rumora
1411 2233 1673 2312 courtnnrtu

279 2450 1659 2508 Μ·

633 2723 639 2732 .
785 2591 1084 2700 snonto'
1134 2617 1163 2698 r

252 2919 276 2966 ι
738 2819 1205 2904 Pannonnnn
1297 2881 1299 2889 .

394 3033 663 3112 thoroaat
698 3054 827 3118 motum
848 3041 956 3120 Maris
980 3038 1143 3138 triplicem
1165 3037 1244 3116 olim
1265 3034 1481 3134 'agnovenrnt
1504 3035 1552 3120 *¹2
1577 3037 1671 3113 dior-⁴

420 3157 499 3208 num
525 3178 538 3221 ‚
574 3135 773 3214 menstruum
799 3141 997 3218 &annuum
1025 3157 1039 3227 3
1073 3151 1166 3212 motu
1190 3135 1311 3212 diurno
1329 3133 1429 3211 Mare
1458 3133 1509 3212 bis
1532 3134 1670 3231 iingnlis

309 3321 317 3339 ⁸
421 3231 539 3309 diebus
562 3230 746 3312 intumescit
777 3235 989 3332 desinitque,
1034 3233 1203 3310 menstruo
1234 3231 1333 3315 aestus
1363 3231 1398 3304 in
1424 3230 1577 3330 syzygiis
1603 3229 1669 3307 Lu·

272 3323 446 3404 trinarium
476 3346 663 3426 augentur,
703 3331 738 3405 in
766 3331 988 3426 Quadraturis
1021 3328 1210 3404 minuuntur
1225 3335 1372 3410 ‚annuo
1403 3328 1548 3423 denique
1574 3328 1672 3405 aessus

271 3419 393 3521 hyeme
420 3428 519 3524 quam
543 3427 659 3504 aestate
681 3427 766 3504 fiunt
788 3431 958 3526 majores:
980 3426 1099 3509 veritur
1127 3423 1355 3537 Phaepornena
1380 3424 1455 3500 haec
1474 3423 1545 3500 sunt
1567 3419 1671 3521 panii

273 3521 458 3600 accuratius
481 3526 712 3621 proponenda.
1505 3521 1508 3532 ’
1579 3603 1583 3614 ,

323 3617 350 3694 1.
376 3623 496 3700 Motus
523 3618 635 3701 Maris
658 3622 795 3712 diurnus
826 3623 1005 3704 absolvitur
1024 3621 1117 3706 horis
1139 3618 1270 3699 circiter
1293 3615 1449 3696 solaribus
1480 3638 1539 3712 24.
1560 3615 1687 3703 minu,

1523 351 1772 507 aaa„
1929 365 1939 384 ’

275 3713 323 3791 tis
340 3742 380 3790 ue
403 3720 514 3814 primis
536 3724 595 3818 48.
620 3719 795 3802 intervallo
821 3724 944 3801 scilicet
968 3721 1127 3820 temporis
1151 3745 1220 3819 quo
1247 3719 1343 3795 Luna
1371 3731 1463 3790 motu
1485 3731 1670 3810 apparente
1828 3765 1832 3772 ,

273 3816 294 3888 a
366 3815 514 3896 eridiano
538 3817 610 3894 loci
627 3820 762 3914 cujusvis
789 3819 932 3918 digressa
955 3819 1000 3896 ad
1028 3820 1171 3896 eundem
1198 3816 1383 3894 revertitur.
1409 3810 1499 3888 Hinc
1524 3807 1667 3899 altitudo
1777 3865 1780 3872 .

271 3908 384 3990 Maris
409 3917 553 3992 maxima
573 3915 741 4016 contingit
752 3918 849 3998 Luna
860 3919 1050 4016 appellente
1069 3917 1115 3992 ad
1138 3917 1253 3992 daturo
1274 3914 1369 3990 inum
1386 3909 1536 4006 respedu
1553 3905 1668 3983 Meri·
1752 3909 1755 3924 ⁴

272 4011 365 4088 diani
379 4012 447 4090 ioci
470 4009 570 4105 dati·‚
594 4011 709 4091 veritru
728 4015 812 4093 hora
836 4014 945 4096 solaris
969 4014 1003 4090 in
1028 4037 1126 4114 quam
1151 4012 1265 4106 incidit
1279 4011 1374 4107 aeiius
1392 4009 1440 4104 fin
1454 4028 1456 4030 ·
1470 4005 1528 4080 ulis
1549 4005 1668 4081 diebus

128 4160 130 4168 -
272 4112 484 4196 retardatur,
509 4110 632 4186 eodem
654 4107 726 4192 feri
753 4113 927 4194 intervallo
952 4137 1021 4210 quo
1048 4111 1155 4186 Lunae
1181 4101 1329 4206 appulsus
1365 4101 1409 4182 a'd
1484 4100 1668 4177 eridianum

193 4194 204 4248 ‘-
273 4207 350 4282 loci.
375 4209 485 4309 Atque'
505 4209 561 4286 hic
587 4223 696 4285 motus
728 4212 815 4290 adeo
834 4213 987 4288 accurate
1008 4210 1192 4287 admotum
1216 4205 1321 4284 Lunae
1339 4197 1578 4294 componitur,
1607 4213 1670 4284 ut,

108 4332 136 4374 ·.
272 4303 452 4382 secundiun
481 4305 743 4386 Observationes
768 4312 789 4382 ὲ
815 4310 922 4387 celeb.
951 4306 995 4384 D.
1022 4303 1135 4398 Coffini
1162 4302 1308 4380 allatas,
1333 4297 1424 4374 ratio
1451 4295 1489 4368 tit
1515 4295 1668 4392 habenda

110 4396 121 4419 ⁵
169 4441 174 4450 ·
275 4399 370 4478 horae
396 4404 431 4478 in
451 4429 552 4503 quam
570 4403 685 4482 incidit
706 4431 786 4486 uera
810 4403 1004 4502 conjunctio
1023 4407 1078 4484 vel
1100 4399 1272 4497 oppositio·
1294 4395 1402 4480 Solis,
1425 4395 1462 4471 ἃ
1481 4390 1671 4569 utquasstzffii¹
1690 4413 1701 4424 '‘
1738 4449 1741 4458 ·
