4470 5716
420 553 467 612 ΒΞ
482 549 625 628 niu-1„
648 569 744 628 men

400 649 434 692 m
450 633 556 694 Svsrt-

401 731 497 773 ΙΑῙΙ.

459 1027 510 1092 ⁷⁸·

581 390 663 544 74

581 983 653 1046 illud
662 983 690 1045 in
698 979 825 1046 distantis
841 979 914 1041 inter
925 973 1102 1040 Soutdontm
1116 971 1149 1034 8<
1171 973 1243 1032 Am·

581 1065 705 1126 bianum.

622 1149 657 1206 ln
674 1165 741 1210 arcu
763 1162 857 1208 autern
876 1137 985 1202 Caelesti
1006 1141 1142 1198 isicem
1163 1149 1245 1190 men·

579 1225 671 1288 surato
681 1267 692 1298 ,
711 1222 883 1290 reltaslionis
904 1219 1110 1281 correctiorem
1130 1210 1245 1272 adhibet
1272 1272 1280 1288 ,

580 1309 700 1392 Caffinus
720 1329 804 1386 quam
831 1304 993 1384 neglexerat
1012 1303 1147 1363 neonus
1177 1289 1245 1353 cum

581 1407 653 1468 ergo
672 1389 813 1450 invenisset
830 1380 985 1444 dullanriam
1005 1397 1078 1460 genu
1098 1373 1246 1466 Calliopea

580 1469 714 1531 aZerrim
734 1469 790 1531 loci
818 1467 846 1525 in
866 1485 922 1540 quo
940 1459 1114 1526 observabat,
1137 1457 1169 1516 dt
1196 1473 1244 1530 qur

582 1567 643 1610 erae
666 1559 699 1607 ιε
719 1553 783 1611 hex.
801 1541 966 1608 Malvoifind
981 1535 1195 1600 meridionaliut
1210 1545 1243 1602 9·

586 1629 630 1696 59'
648 1629 680 1698 5'‘
694 1631 785 1691 versus
797 1621 1035 1706 septentrionem,
1056 1622 1092 1710 δι’
1103 1617 1170 1677 curn
1190 1617 1245 1692 ejus

583 1709 667 1770 stellae
687 1709 845 1771 distantium
875 1702 1017 1764 azenirh
1039 1701 1094 1762 loct
1115 1715 1149 1789 pt
1175 1697 1245 1788 ulter.

584 1789 807 1854 meridionaliori
835 1791 919 1864 quim
950 1783 1021 1843 aedes
1049 1778 1184 1842 Ambiani
1205 1783 1244 1868 ⁸8·

587 1869 632 1948 36¹
658 1872 706 1931 10¹¹
723 1867 865 1932 invenisset
879 1904 890 1934 ,
918 1884 1015 1923 arcum
1044 1861 1116 1920 inter
1142 1861 1249 1934 Zcmtlt

586 1969 684 2013 eorum
702 1951 828 2012 locorum
847 1951 917 2023 juxta
931 1940 1124 2004 llalvoilinam
1134 1940 1165 2000 &
1176 1943 1248 1999 Am-

583 2029 698 2090 bianum
719 2031 906 2106 interceptum
924 2023 991 2086 seuit
1009 2027 1129 2084 Piramu
1153 2035 1195 2080 ι’.
1210 2037 1247 2078 aa

584 2109 638 2180 55¹¹
653 2129 682 2171 ut
700 2111 784 2174 refert
800 2113 829 2169 N
836 2120 988 2169 ewrorus.

624 2192 737 2252 Venlm
760 2208 870 2270 propter
890 2184 1088 2247 reliadlienem
1108 2180 1247 2262 augendas

582 2272 636 2330 esse
663 2275 710 2333 has
732 2271 870 2332 distantias
888 2263 904 2329 it
921 2265 1026 2326 Zeuitlt
1047 2263 1137 2324 statuit
1165 2264 1249 2345 Caffi-

583 2359 693 2430 nus,ita
712 2379 742 2420 ut
750 2360 840 2440 prima
851 2353 978 2417 distantia
990 2353 1062 2424 10¹¹,
1082 2353 1167 2413 altera
1186 2340 1249 2436 83¹¹

581 2448 646 2518 fiat,
666 2446 732 2508 cirin
755 2467 826 2528 ergo
843 2444 918 2524 prior
936 2443 984 2503 fiat
998 2461 1032 2512 9·
1063 2473 1077 2488 ·
1111 2457 1226 2510 59·15

585 2541 720 2598 ,A'tera
778 2572 791 2583 -
851 2565 865 2581 ·
924 2567 937 2579 ·
997 2523 1249 2615 8-36·18}

622 2629 710 2684 Arcus
725 2622 889 2701 interceptus
906 2621 980 2683 inter

582 2705 686 2764 Zenith
706 2705 833 2767 locorum
847 2702 976 2765 observa·

581 2793 665 2854 tionis
686 2792 716 2852 fit
770 2829 782 2840 ·
822 2827 837 2842 -
874 2825 888 2838 -
928 2825 942 2836 -

625 2887 666 2942 [x
681 2883 723 2942 liis
744 2903 813 2964 ergo
835 2878 1049 2944 cotredlionibus
1067 2877 1164 2936 tamin
1182 2889 1247 2966 arcu

584 2964 694 3024 Consti
714 2969 797 3038 qu'atn
816 2963 843 3022 in
864 2960 995 3022 mensuris
1020 2956 1210 3024 terrestribus,
1230 2971 1247 3010 a

581 3049 681 3106 Picurto
698 3043 867 3112 observ-riis,
887 3041 999 3102 deducit
1015 3041 1059 3098 lll.
1072 3039 1191 3120 Caffinus
1202 3055 1246 3098 at·

576 3144 644 3196 ¹cum
665 3124 743 3186 unius
761 3126 860 3205 gradus
881 3123 935 3200 esse
958 3121 1127 3194 rrorohex.

997 2807 1008 2846 t
1063 2819 1075 2832 -
1119 2780 1248 2866 tt·56}

572 3259 576 3268 ·
624 3231 664 3288 ll.
694 3229 739 3289 lll.
762 3233 793 3290 de
819 3226 1142 3314 Mareotae-mensuras
1158 3243 1245 3286 terte·

582 3309 649 3370 fltes
660 3348 671 3379 ,
691 3331 756 3386 quas
775 3309 899 3372 Picarias
910 3307 1062 3386 adoptavit,
1075 3306 1243 3372 admittens,

569 3409 676 3450 ·arcutn
694 3391 827 3449 calesium
848 3389 1014 3449 mensuravit
1031 3387 1214 3447 instrumento
1231 3423 1243 3454 ,

579 3473 598 3530 a
621 3470 793 3533 solertiffimo
813 3475 931 3532 Graiam
951 3468 1148 3530 accuratissime
1176 3487 1244 3528 con·

569 3550 681 3613 niuno
692 3572 707 3622 5.
721 3550 788 3612 clun
808 3568 901 3612 autem
917 3551 1022 3631 priores
1038 3548 1154 3608 sediores
1169 3548 1242 3607 circa

580 3651 662 3692 axem
691 3632 841 3693 immotum
851 3670 861 3701 ,
888 3652 922 3690 ex
938 3652 993 3708 quo
1008 3628 1085 3689 filum
1105 3627 1242 3690 verticale

578 3713 691 3788 pendet,
701 3713 927 3782 revolverentur,
948 3717 979 3774 ὅ(
991 3708 1141 3772 divisiones
1157 3709 1242 3770 subti-

574 3793 661 3853 liores
687 3792 716 3854 iu
736 3793 848 3854 seclusis
867 3795 957 3854 limbo
979 3812 1027 3869 per
1051 3791 1135 3850 lineas
1156 3789 1243 3848 trans·

576 3877 666 3935 versas
678 3874 843 3952 sgnaremur
855 3912 864 3942 ,
884 3871 912 3932 in
923 3875 976 3934 hoc
989 3871 1172 3932 instrumento
1181 3870 1242 3927 Te·

574 3949 729 4031 lelcupiunt
749 3955 778 4013 in
807 3955 851 4015 sud
881 3954 1037 4014 luminitate
1057 3953 1127 4012 duos
1154 3949 1243 4028 cylin-

577 4033 641 4095 tlros
663 4037 801 4111 adjunsios
819 4036 912 4103 habet,
931 4035 1004 4094 circa
1024 4053 1088 4106 quos
1108 4053 1173 4092 cum
1202 4031 1242 4091 se-

507 4177 511 4186 ,
579 4115 655 4174 tiore
672 4113 784 4176 inferius
802 4113 896 4176 adfixo
907 4110 1071 4181 revolvitur,
1084 4116 1114 4173 ὃ(
1128 4133 1162 4171 ea
1175 4135 1242 4188 quo·

579 4216 641 4256 rum
667 4212 762 4258 centro
792 4197 892 4274 pendet
925 4193 1002 4254 filum
1028 4192 1161 4254 verriculo
1188 4213 1244 4268 quo

577 4295 706 4337 notentur
736 4275 835 4356 gradus
857 4274 886 4336 in
911 4274 1001 4334 limbo
1021 4271 1130 4334 secloris
1154 4293 1163 4341 3
1192 4274 1244 4333 Di-

578 4355 693 4418 visionet
703 4357 731 4416 in
742 4376 779 4419 eo
789 4357 879 4418 limbo
890 4355 990 4439 gradus
1001 4355 1031 4415 &
1046 4371 1243 4428 corumpartes

576 4432 1244 4516 ostrvastenuiffrmispuudlitinditam,nihilque

578 4535 734 4610 praterea,
751 4519 783 4579 ὅ(
797 4519 831 4578 ad
841 4517 1065 4578 observationem
1086 4514 1243 4576 faciendam

577 4619 617 4658 tta
629 4595 799 4659 constituitur
817 4597 1038 4666 instrumentum,
1050 4595 1164 4657 utfilum
1177 4615 1244 4674 petr-

578 4677 676 4739 dulum
703 4677 784 4738 alicui
812 4677 1020 4739 idivistonibus
1049 4679 1174 4738 accurate
1196 4697 1244 4754 ap-

577 4759 717 4840 plicetur,
747 4759 831 4838 idque
851 4756 1043 4840 Mictoscopio
1063 4755 1244 4822 tumlumiue

859 374 1329 492 Putrosorrnn
1379 322 1763 478 Ntrultims

734 535 863 623 'diano
897 535 994 618 inter
1023 533 1249 615 Ambianum
1268 531 1310 610 dt
1348 521 1626 630 Muluoifinam,
1655 511 1806 604 invenit
1834 535 1965 712 arcprn

1826 657 1891 734 gra
1921 659 1965 714 ut

1301 965 1375 1043 juver
1400 955 1520 1020 limbum
1538 955 1676 1021 collocato
1700 956 1877 1038 agnoscitur
1906 973 1967 1018 turn

1302 1045 1419 1108 cochlea
1437 1040 1551 1119 pellitur
1576 1037 1786 1100 instrumentum
1809 1039 1899 1100 donec
1915 1037 1968 1100 ob-

1300 1126 1404 1205 jedlum
1419 1123 1458 1182 in
1469 1140 1520 1180 axe
1532 1117 1691 1196 Telescopii
1706 1135 1845 1187 cernatur,
1860 1120 1892 1178 &
1917 1137 1967 1178 nu-

1303 1225 1393 1266 merus
1411 1221 1545 1283 gyrorum
1563 1201 1695 1265 cochleae,
1715 1199 1857 1278 partesque
1870 1195 1967 1278 singuli

1302 1286 1366 1368 gyri
1384 1299 1559 1346 numeramur
1578 1279 1607 1338 in
1623 1279 1712 1340 limbo
1729 1279 1827 1340 circuli
1847 1280 1965 1342 horolo-
2049 1331 2055 1344 .

1302 1369 1343 1448 gii
1366 1365 1448 1425 inllar
1472 1363 1593 1424 cochleae
1608 1357 1726 1430 adnexi,
1747 1359 1784 1418 ita
1808 1379 1836 1418 ut
1855 1355 1966 1419 minimi

1302 1449 1424 1510 cocltleae
1437 1442 1587 1524 progressus
1599 1439 1722 1501 maxims
1739 1438 1873 1500 sensibiles
1890 1439 1968 1499 liant.

1302 1527 1370 1588 Tali
1395 1525 1488 1601 itaque
1503 1522 1684 1582 instrumento
1713 1523 1786 1598 cuius
1812 1522 1902 1582 radius
1927 1519 1966 1581 eu

1302 1609 1369 1672 οᾶο
1378 1607 1482 1702 pedum
1500 1601 1641 1664 unauncia
1656 1601 1780 1678 dempti,
1797 1599 1969 1664 observatio·

1304 1710 1351 1750 nes
1376 1685 1492 1748 instituit
1520 1685 1565 1743 Ill.
1591 1687 1622 1744 dt
1650 1688 1816 1768 Marspevtuis
1849 1680 1967 1742 Lutetia

1303 1769 1334 1830 in
1354 1769 1418 1831 loco
1443 1783 1514 1832 1105
1548 1767 1615 1824 hex.
1641 1763 1730 1843 magis
1759 1761 1967 1838 septentrionali

1304 1855 1389 1928 quim
1404 1847 1473 1907 aedes
1491 1849 1524 1905 B.
1534 1843 1678 1925 Virginis,
1699 1846 1731 1904 dt
1741 1843 1874 1904 Ambiani
1885 1845 1914 1904 in
1923 1845 1968 1906 lo·

1305 1958 1340 2001 eo
1375 1937 1430 2016 98}
1463 1933 1688 1996 meridionalioti
1716 1934 1776 1994 aede
1804 1937 1859 2012 ejus
1882 1935 1966 1998 urbis.

1306 2024 1377 2084 Inde
1399 2044 1434 2084 ex
1453 2024 1536 2086 slellis
1559 2025 1590 2085 &
1614 2023 1725 2093 Persei,
1745 2025 1933 2090 &Draconis
1954 2038 1967 2099 ,‘

1306 2125 1402 2166 arcum
1422 2105 1557 2166 caelellem
1575 2104 1647 2165 inter
1674 2103 1777 2164 Zenish
1803 2123 1901 2167 eorum
1924 2107 1967 2170 lo-

1306 2206 1403 2247 cotum
1427 2187 1610 2264 interceptum
1639 2205 1670 2244 ιο
1696 2185 1721 2245 1¹
1751 2183 1807 2245 tal
1834 2186 1968 2248 determi-

1306 2268 1402 2336 navit,
1429 2267 1645 2328 cotrediionibus
1673 2265 1850 2344 procerioris
1870 2269 1967 2344 AEqui-

1306 2347 1454 2410 noxiorum
1475 2348 1507 2409 &
1530 2346 1710 2409 aberrationis
1736 2347 1803 2406 lucis
1827 2347 1968 2410 adhibitis.¹

1307 2427 1380 2488 ilinc
1393 2427 1460 2488 clim
1476 2427 1550 2505 jurita
1567 2431 1700 2490 Picenum
1725 2425 1796 2488 imc'r
1814 2429 1966 2492 Parallelot

1307 2507 1478 2570 Malvoisinae
1496 2512 1527 2570 &
1549 2508 1683 2569 Ambiani
1704 2506 1754 2568 sut
1775 2515 1880 2585 78907.
1901 2513 1965 2570 hert.

1306 2587 1378 2648 inter
1397 2589 1591 2650 Mulvoifinam
1602 2591 1633 2650 8(
1648 2588 1719 2649 ades
1730 2591 1763 2648 Β.
1771 2589 1896 2670 Virginis
1905 2592 1965 2652 Lu·

1305 2676 1378 2737 seriis
1397 2677 1447 2737 stne
1462 2697 1495 2744 19
1499 2679 1572 2758 3⁷⁶}
1584 2680 1648 2738 hex.
1659 2677 1853 2740 manentimer
1861 2698 1966 2740 uttam·

1305 2793 1359 2850 que
1373 2775 1462 2835 alem
1482 2791 1535 2844 595
1541 2775 1595 2855 30}
1616 2776 1681 2837 hex.
1705 2795 1739 2834 ex
1759 2773 1855 2852 quibus
1873 2777 1966 2839 detra·

1305 2873 1355 2934 stis
1379 2873 1470 2954 1203}
1491 2875 1554 2934 hex.
1567 2893 1677 2954 propter
1688 2874 1965 2940 observationumlo-

1303 2980 1347 3034 ca,
1368 2963 1506 3024 invenitur
1527 2983 1623 3024 artum
1644 2983 1683 3023 ιο.
1708 2961 1729 3024 t‘
1750 2961 1802 3022 tal
1814 2964 1964 3044 responde·

1303 3060 1335 3101 re
1362 3043 1492 3104 mensurae
1517 3049 1620 3116 58327·
1638 3047 1703 3104 lrex.
1729 3041 1848 3121 ideoque
1870 3064 1964 3105 arcum

1302 3123 1380 3184 unius
1399 3125 1497 3208 gradile
1516 3125 1680 3202 Hexapedas
1701 3129 1808 3201 57183.
1827 3125 1856 3184 in
1873 3131 1906 3188 ei
1923 3125 1965 3186 la·

1301 3200 1420 3266 titudine
1436 3205 1588 3268 continere.

1343 3287 1456 3348 Verium
1479 3287 1599 3350 hicnon
1629 3285 1852 3348 diffimulamlum
1874 3287 1962 3363 quulis

1300 3369 1465 3444 quantusque
1474 3387 1551 3428 ettot
1559 3369 1744 3430 observationi
1756 3373 1850 3429 Picavti
1862 3369 1963 3428 adliti-

1300 3451 1391 3518 batur,
1411 3467 1445 3506 ert
1462 3449 1512 3507 hac
1532 3449 1674 3509 novissima
1690 3451 1732 3507 lll.
1755 3453 1786 3509 de
1799 3454 1963 3531 ntaupt-rrur'r

1299 3527 1492 3589 observatione
1503 3549 1512 3598 3
1530 3529 1561 3588 &
1573 3548 1602 3590 ut
1615 3529 1663 3587 ille
1673 3549 1749 3588 error
1759 3529 1834 3590 reno
1844 3529 1962 3587 aeuime-

1297 3607 1964 3686 tuncotrizendaelitntejusubservationusccele-

1297 3685 1347 3748 lies
1360 3708 1528 3750 nontantum
1538 3712 1587 3768 ptr
1602 3690 1809 3758 resradlionem,
1823 3691 1868 3748 sed
1877 3691 1963 3751 eriam

1297 3787 1348 3846 per
1361 3769 1600 3846 AEquinouiorrm
1619 3771 1818 3846 ptaeceffiooem
1836 3772 1867 3832 &
1884 3774 1963 3834 aber·

1299 3849 1437 3910 tationem
1449 3851 1514 3912 lucis
1526 3873 1535 3919 ς
1554 3851 1658 3912 etenim
1667 3851 1733 3912 tium
1743 3853 1844 3911 eodem
1854 3871 1963 3930 tempo·

1299 3949 1329 3990 re
1341 3931 1418 3991 sadlae
1437 3952 1492 3993 non
1502 3931 1603 3992 suerint
1616 3930 1848 3994 observationem
1867 3939 1963 3996 Picano

1301 4010 1471 4072 Malvoistnae
1495 4015 1526 4074 dt
1558 4012 1700 4076 Ambiano
1716 4053 1725 4084 ,
1762 4009 1807 4074 sed
1825 4013 1896 4074 inter
1917 4033 1962 4074 eas

1299 4092 1584 4153 menstsintervallum
1603 4093 1758 4159 effluxerit,
1780 4091 1886 4154 interea
1913 4111 1961 4173 per

1299 4175 1502 4250 praecessionem
1537 4174 1779 4250 AEquinotliorum
1811 4178 1961 4256 augebatur

1300 4261 1384 4322 liellae
1401 4283 1472 4344 genu
1500 4263 1649 4344 Canopeis
1674 4263 1825 4327 declinatio
1849 4265 1881 4345 1}
1899 4261 1916 4297 '¹
1934 4279 1961 4326 ut
2004 4293 2009 4300 ·

1301 4347 1360 4429 ipse
1381 4359 1498 4414 Picartus
1515 4353 1642 4415 observat
1662 4392 1672 4423 ,
1702 4351 1831 4431 simulque
1850 4375 1962 4436 propter

1301 4433 1506 4494 aberrationem
1526 4433 1594 4493 lucis
1611 4430 1763 4496 alcirciter
1784 4438 1879 4516 augeri
1896 4456 1961 4498 eam

1302 4512 1520 4574 declinationem
1536 4513 1751 4588 nuncconstat,
1779 4536 1863 4592 quare
1885 4519 1963 4580 stella

1300 4615 1360 4672 que
1390 4593 1520 4656 Ambiani
1543 4593 1741 4658 observabatur
1766 4620 1823 4660 uon
1845 4619 1904 4660 etat
1932 4599 1962 4658 in

1300 4677 1403 4735 todem
1424 4673 1482 4734 caeli
1503 4675 1605 4752 pundlo
1624 4694 1679 4755 quo
1697 4677 1785 4740 suerit
1804 4679 1868 4740 cium
1888 4681 1962 4740 Mal-

1300 4754 1412 4820 voinrae
1441 4757 1662 4831 observaretur,
1699 4759 1832 4822 sederat
1857 4779 1893 4820 ro
1918 4759 1961 4818 se-

1931 4859 1963 4903 10
