4406 5708
608 372 680 454 35²
805 355 1146 450 ftspursrrro
1181 353 1422 436 Purston
1459 381 1512 438 rs
1549 357 1784 438 Cnosnrn

457 516 564 602 Gne.
609 532 754 594 nomena
775 508 1015 590 evidentissimi}
1032 509 1274 608 probavimus,
1298 515 1356 590 sed
1382 515 1604 593 etiamearum
1625 513 1764 592 causam
1777 513 1946 616 physicam
1960 516 2007 591 as

474 613 550 698 llll.
609 607 836 706 signavimus,
855 631 954 706 quam
978 610 1012 684 in
1039 611 1127 688 binis
1153 609 1358 698 vorticibus,
1386 637 1527 710 quorum
1553 615 1636 688 alter
1655 611 1744 688 circa
1757 609 1896 694 Solem,
1919 611 2006 688 alter

607 705 841 784 eircabmam
864 705 904 782 lit
928 707 1148 790 constitutus,
1173 709 1364 802 posuimus,
1386 710 1510 807 quippe
1535 733 1611 808 qum
1630 709 1676 786 eli
1693 711 1791 786 unica
1814 711 1899 788 ratio
1925 707 2005 785 cium

606 803 805 902 gravitatem
829 799 901 880 titm
928 802 1027 880 etiam
1052 804 1161 888 vires,
1185 805 1302 903 quibus
1324 807 1469 904 planetae
1497 807 1532 882 in
1546 807 1609 884 suis
1628 805 1743 882 orbitis
1768 807 1858 886 circa
1889 807 2002 886 Solem

607 900 843 979 condirentur,
870 900 1066 998 explicandi.
1108 901 1199 996 Quin
1222 901 1320 982 etiam
1336 907 1411 980 haec
1426 903 1493 1001 ipsa
1506 906 1729 1000 phaenomena
1742 901 1905 982 internam
1920 925 2003 982 vor·

606 997 710 1074 ticum
736 997 929 1076 strusturam
961 995 1167 1078 &indolem
1195 1001 1494 1079 commonstramot
1518 1029 1541 1096 3¹
1569 1004 1616 1076 ob
1643 1025 1750 1100 eaque
1775 1003 1921 1082 vortices
1952 1000 2001 1076 ita

606 1112 818 1196 comparatos
839 1094 901 1170 elie
920 1095 1112 1176 terdone,
1134 1115 1170 1172 ut
1190 1096 1276 1174 vires
1290 1095 1488 1194 ceumifirgae
1505 1099 1698 1176 decrescent
1717 1097 1752 1173 in
1766 1097 1935 1195 duplicati
1947 1120 2001 1170 ra·

606 1190 699 1272 tione
722 1191 948 1272 distantiarum
972 1196 992 1268 i
1014 1194 1136 1272 centris
1153 1195 1360 1272 eorumdem.
1393 1195 1508 1288 Quare
1532 1193 1611 1273 cium
1637 1193 1672 1270 in
1694 1192 1745 1272 his
1767 1197 1894 1274 viribus
1919 1191 2001 1268 nihil
2026 1242 2031 1250 -

651 1289 758 1368 atuitb
779 1289 1036 1372 assumserimmr
1061 1289 1243 1372 deffectio
1267 1315 1312 1368 ex
1331 1290 1372 1370 iis
1390 1277 1525 1369 oriundi
1544 1315 1620 1368 cum
1644 1292 1874 1388 phaenomenis
1901 1289 2000 1368 aum

656 1386 720 1465 aris
737 1387 975 1470 conveniant,
996 1389 1167 1468 certiffimb
1190 1389 1287 1468 uobis
1311 1385 1504 1486 persuadere
1531 1388 1740 1486 poterimus,
1774 1389 1809 1463 in
1833 1387 1998 1485 assrgmtis

610 1479 734 1565 viribus
752 1509 870 1566 veram
889 1484 987 1562 aeuus
1010 1485 1125 1564 Maris
1145 1486 1273 1563 causam
1287 1484 1481 1574 contineris
1506 1487 1735 1586 absonumque
1748 1486 1890 1562 omnini>
1911 1483 1999 1568 sore,

606 1577 632 1653 fi
656 1585 792 1665 semum
825 1584 925 1664 alitis
948 1580 1055 1660 islaris
1084 1582 1119 1660 in
1145 1585 1218 1662 aliis
1251 1581 1377 1660 viribus
1398 1583 1601 1682 imaginariis
1624 1583 1802 1683 anquirere
1823 1583 1996 1662 vellemus.

602 1676 834 1769 Quamobrem
853 1683 889 1760 in
912 1685 978 1760 hoc
999 1681 1108 1776 capite
1136 1679 1364 1758 constituimus
1390 1705 1508 1758 omnes
1522 1679 1680 1766 effesltm
1711 1680 1826 1779 quiin
1850 1677 1999 1778 super'm·

602 1777 692 1854 tibus
714 1779 877 1875 capitibus
890 1777 1022 1876 sparsrm
1045 1780 1238 1862 summati,
1265 1779 1470 1874 conjunslim
1484 1782 1522 1856 dt
1539 1777 1659 1856 ordine
1672 1802 1882 1876 proponere,
1905 1775 1997 1854 firm·

601 1893 758 1974 mumque
779 1901 895 1956 eorum
919 1877 1109 1954 consensum
1134 1901 1210 1953 cum
1237 1875 1446 1972 experientia
1472 1875 1652 1957 declarare.
1689 1873 1859 1968 Quoniam
1883 1890 1997 1954 autera

600 1971 751 2048 nondum
778 1974 1090 2070 impedimentorum
1115 1974 1312 2054 blittoribus
1332 1975 1490 2072 terrisque
1511 1973 1727 2050 utendorum
1747 1973 1907 2054 rationem
1935 1971 1995 2048 ha·

600 2065 754 2148 buimus,
777 2069 876 2146 facil&
896 2071 1119 2166 intelligitur,
1145 2073 1224 2149 hinc
1246 2071 1382 2149 excludi
1407 2073 1523 2149 adhuc·
1540 2073 1663 2147 debere
1678 2068 1835 2163 ejusmodi
1859 2093 1998 2147 anoma-

462 2179 468 2190 ·
600 2159 658 2250 tias
677 2164 777 2242 aeslds
804 2165 940 2248 Maris,
963 2192 1039 2264 quae
1065 2170 1302 2248 'evidentiffime
1322 2169 1342 2240 'a
1363 2166 1480 2260 Terris
1506 2165 1779 2264 contingentibus
1801 2183 1911 2244 ortum
1938 2167 1996 2248 ita·

599 2259 728 2342 beant,
748 2263 929 2354 cuiusmodi
950 2261 1021 2340 sunt
1040 2268 1137 2344 aellus
1152 2270 1206 2342 vel
1233 2268 1450 2346 vehementer
1474 2267 1700 2364 enormesvel
1719 2264 1778 2342 virt
1795 2265 1960 2344 sensibiles
1977 2307 1996 2345 s

598 2358 648 2434 uti
669 2360 809 2441 iuMari
832 2363 1111 2442 Mediterranea,
1130 2367 1186 2444 vel
1211 2365 1355 2462 inlifftes
1368 2363 1609 2440 retardationes
1632 2385 1767 2448 comm,
1802 2363 1920 2463 quibus
1940 2387 1995 2439 re·

597 2455 660 2538 bus
685 2459 892 2558 explicandis
915 2459 1052 2550 sequens
1076 2478 1175 2556 caput
1200 2464 1350 2540 ultimum
1374 2460 1631 2538 destinavimus:
1661 2458 1708 2536 ita
1731 2457 1764 2534 in
1790 2465 1858 2538 hoc
1883 2461 1995 2556 capite

597 2567 726 2634 tantum
747 2581 787 2636 et
814 2555 911 2634 eum
929 2556 1038 2632 Maris
1062 2559 1282 2654 phaenomena
1304 2558 1501 2652 explicanda
1525 2557 1734 2652 suscipimus,
1753 2581 1829 2655 quae
1854 2561 1887 2634 im
1908 2583 1994 2653 por·

580 2657 696 2830 Ιῑὸιῒνιιε
713 2651 943 2826 amplilfimum
970 2652 1146 2734 Oceanum
1178 2653 1428 2756 respicientibus
1454 2655 1508 2734 uel
1521 2653 1632 2732 insulis
1645 2656 1936 2752 observarisolent
1951 2659 1992 2732 ln

637 2775 742 2828 ceano
772 2768 849 2834 ms.
1780 2813 1785 2822 .

650 2849 683 2941 §.
696 2871 754 2948 99.
788 2850 823 2926 Si
842 2871 959 2928 omnes
971 2849 1216 2950 proprietates,
1244 2846 1364 2946 quibus
1384 2846 1509 2924 Fluxus
1523 2871 1563 2936 ac
1587 2845 1748 2927 Refluxus
1772 2847 1879 2928 Maris
1901 2877 1991 2948 pree·

597 2945 685 3023 ditus
707 2948 774 3046 else
793 2947 1005 3033 observatur,
1038 2948 1190 3026 distinete
1213 2967 1412 3030 .enumerare
1434 2963 1532 3042 atque
1552 2969 1723 3042 exponere
1741 2947 1902 3030 velimus,
1926 2953 1993 3026 de-

597 3045 841 3140 prehendemus
870 3067 926 3121 eas
945 3046 989 3122 ad
1010 3061 1078 3122 tres
1104 3047 1220 3124 classes
1248 3043 1399 3121 revocari
1422 3043 1557 3118 debere.
1618 3045 1676 3120 nd
1700 3042 1838 3139 primam
1865 3045 1990 3124 scilicet

459 3155 463 3170 “
596 3139 724 3219 classem
739 3142 914 3220 referenda
944 3140 1016 3220 sunt
1042 3143 1290 3243 phaenomena,
1312 3165 1389 3239 quaa
1412 3138 1525 3216 inuno
1538 3139 1618 3218 aeslu
1640 3142 1674 3216 in
1685 3141 1716 3216 se
1732 3145 1875 3238 spectato
1892 3146 1991 3222 cons·

595 3241 790 3342 piciuntun
813 3238 887 3316 cium
906 3241 1038 3316 ratione
1062 3259 1128 3316 tem
1177 3241 1219 3318 ris
1239 3238 1310 3314 tium
1336 3239 1433 3314 etiam
1458 3236 1585 3314 ratione
1611 3239 1819 3337 quantitatis3
1844 3241 1988 3340 haecque

580 3341 815 3437 ,pliaenome'na
842 3337 1103 3416 commodissime
1141 3341 1186 3414 ub
1202 3334 1415 3419 varietatibus
1432 3333 1556 3412 diurnis
1571 3337 1809 3433 comprehendi
1836 3335 1988 3433 poliunt,

578 3439 763 3532 quitenue
785 3461 825 3512 ea
847 3437 878 3510 se
901 3434 1047 3512 offemnt
1064 3436 1292 3515 observaturi,
1317 3433 1380 3542 qui·
1393 3457 1451 3530 per
1470 3433 1637 3528 integrum
1657 3451 1784 3511 tantum
1809 3438 1898 3512 diem
1923 3441 1985 3514 ob·

578 3529 797 3610 ·fervationes
820 3530 982 3609 instituit,
1003 3557 1112 3631 oeque
1126 3558 1166 3608 ea
1191 3557 1264 3610 cum
1279 3529 1596 3624 alitspbaenomenis
1617 3530 1689 3609 aliis
1700 3531 1904 3628 temporibus
1927 3558 1984 3610 oc·

594 3629 802 3707 currentibus
829 3646 1008 3723 comparat
1046 3631 1198 3708 Secunda
1218 3627 1322 3707 claliis
1334 3628 1566 3724 complectitur
1585 3631 1760 3709 varietates
1778 3630 1985 3713 menllmas,

594 3751 672 3822 quae
692 3726 756 3800 sese
783 3727 991 3802 observaturi
1024 3750 1084 3824 per
1103 3729 1269 3826 integrum
1297 3723 1440 3800 mensem
1466 3725 1591 3804 aelium.
1611 3723 1719 3803 Maris
1742 3729 1985 3826 contemplanti

595 3820 766 3905 offerunt,
789 3825 944 3924 quorsum
973 3823 1138 3921 pertinent
1163 3829 1258 3902 aelius
1277 3824 1413 3900 maximi
1439 3824 1655 3924 minimique,
1681 3825 1760 3900 item
1785 3827 1984 3915 retardatio,-

594 3943 655 3996 nes
685 3919 788 4024 modd
814 3923 954 4016 majores
970 3921 1073 4000 modb
1097 3923 1251 4001 minores.
1285 3921 1409 4001 Tertia
1434 3923 1577 4022 denique
1604 3921 1705 4002 claffis
1727 3923 1982 4018 comprehendit

591 4015 769 4094 societates
794 4040 917 4096 annuas
941 4043 982 4100 ac
1007 4021 1175 4120 plusquam
1201 4045 1348 4106 annuas,
1367 4043 1442 4119 quac
1467 4020 1644 4117 sequuntur
1673 4019 1728 4098 vel
1754 4021 1860 4096 varias
1877 4021 1982 4095 Lunae

590 4115 612 4189 ir
632 4113 948 4205 Tarracinensis,
971 4121 1028 4196 vel
1042 4119 1153 4219 sotu3
1180 4119 1234 4198 uel
1249 4120 1348 4194 etiam
1361 4115 1567 4192 luminarium
1586 4115 1852 4196 declinationem.
1879 4115 1980 4191 Hanc

589 4212 637 4286 ob
653 4233 721 4287 rem
739 4213 961 4306 phaenomena
981 4215 1227 4318 uniuscujusque
1249 4215 1351 4294 claffis
1373 4213 1639 4296 recensebimus,
1678 4229 1779 4310 atque
1804 4211 1978 4310 quomodo

577 4307 804 4404 lingniacum
818 4312 947 4389 theorid
960 4313 1083 4391 traditi
1100 4333 1309 4412 congruant,
1331 4313 1550 4390 ostendemus.
1587 4309 1656 4386 Hic
1681 4307 1789 4390 verit,
1807 4325 1842 4384 ut
1852 4313 1915 4402 jam
1931 4307 1981 4384 ell

588 4405 777 4492 monitum,
797 4413 815 4482 ὲ
838 4411 1138 4504 perturbationibus
1153 4437 1228 4510 quae
1243 4409 1389 4487 aTerris
1412 4433 1453 4488 ac
1471 4405 1635 4482 littoribus
1649 4407 1828 4504 provenire
1839 4404 1982 4502 poliunt,

586 4502 734 4584 mimum
751 4505 879 4604 prorsus
905 4509 1132 4598 abstinemus,
1147 4533 1202 4592 eas
1223 4509 1372 4610 sequenti
1397 4505 1497 4603 capiti
1517 4505 1731 4598 reservantes
1780 4501 1896 4583 Multb
1919 4502 1979 4622 mi·

606 4631 626 4647 ·’
1892 4621 1895 4628 ’
1916 4623 1980 4677 nus
