4444 5718
367 345 631 428 an‘xu‘s
684 364 745 421 ro
776 317 1171 420 ‘aaa-noxus
1221 337 1513 454 Manus„
1547 343 1618 446 3'2'3

235 510 325 588 diem
349 508 405 588 vel
429 505 588 604 praecedit
608 503 665 582 uel
686 501 848 606 sequitur,
867 483 1051 594 duplicari,
1076 501 1285 592 totidemque
1309 502 1433 580 minuta
1457 447 1629 592 orimhffd
1674 505 1797 588 Com

237 629 368 706 tempus
397 605 543 683 medium
567 617 752 680 notatum,
789 626 862 700 qao
883 601 1008 676 Fluunt
1032 599 1297 694 eveniresolet,
1323 601 1377 681 vel
1403 602 1481 678 addi
1506 603 1564 681 vel
1585 609 1629 682 ab
1720 607 1762 682 V.

116 711 121 730 ²
238 733 280 784 eo
295 704 462 788 subtrahi,
498 725 566 799 quo
590 697 859 796 verunasluxfis
885 717 1090 776 momentum
1124 695 1319 778 obtineatur.
1379 698 1548 793 Quoniam
1569 727 1632 780 au·
1855 695 1859 704 ’

237 821 307 881 tem
335 805 409 880 haec
427 796 595 878 corredio
621 797 735 874 nititur
757 813 850 874 rootu
873 794 979 874 Lunae
1004 797 1144 877 medio,
1160 797 1371 898 ‘pennicuum
1391 798 1439 873 ell
1461 821 1534 874 earn
1554 825 1635 878 cor·

236 900 386 980 rectione
401 894 550 976 ulteriori
563 921 654 988 opus
676 897 812 978 habere,
825 899 948 972 aveto
972 891 1077 972 Lunae
1093 911 1186 972 motu
1207 895 1338 994 petita,
1365 919 1440 995 quaa
1463 893 1547 974 vero
1565 897 1635 993 ple·

240 1023 378 1098 rumque
404 997 467 1072 erit
482 992 694 1077 insensibilis,
718 991 794 1070 ciam
814 992 1054 1088 summaaquae
1078 992 1223 1072 elevatio
1239 1002 1316 1092 noh
1329 993 1436 1071 subito
1459 993 1555 1076 adsit,
1580 993 1637 1072 sed

240 1119 302 1194 per
327 1114 461 1192 tempus
488 1091 560 1170 satis
581 1091 730 1166 notabile
754 1092 861 1166 duret.
1133 1163 1136 1170 ,
1380 1089 1383 1096 “

291 1195 334 1288 §2
358 1194 416 1268 ⁶1.
445 1187 537 1265 ’Nili
562 1207 671 1264 autern
698 1189 871 1266 luminaria
896 1185 1049 1282 proxima
1073 1185 1138 1262 fint
1158 1185 1220 1265 ¹'vel
1244 1187 1472 1281 conjunctioni
1494 1193 1549 1268 vel
1574 1217 1638 1289 op·

240 1290 425 1391 pontioni,
452 1285 596 1364 martimo
623 1286 730 1362 Maris
752 1282 897 1362 elevatio
919 1309 987 1358 non
1012 1284 1046 1357 in
1071 1283 1172 1382 ipsum
1187 1287 1293 1360 Lunae
1306 1287 1473 1382 transitum
1494 1313 1553 1384 per
1566 1315 1640 1364 me·

242 1390 405 1466 ridianum
426 1382 564 1461 incidet.
599 1383 768 1476 Quoniam
796 1383 883 1456 enim
899 1383 995 1456 Luna
1007 1382 1087 1458 dum
1104 1405 1210 1478 prope
1224 1383 1441 1470 meridianum
1461 1388 1639 1468 versatur,

267 1511 303 1562 er
340 1484 477 1584 aliquod
507 1496 639 1576 tempos
677 1483 818 1558 eandem
851 1477 1058 1556 altitudinem
1099 1479 1309 1562 conservat,
1341 1480 1497 1574 tantisper
1537 1487 1639 1559 etiarn

241 1511 344 1660 hare
373 1581 515 1656 eandem
552 1579 774 1654 elevationem
804 1575 987 1668 retinebit3
1028 1577 1172 1668 &hanc
1191 1580 1237 1652 ob
1261 1601 1331 1652 rem
1348 1577 1394 1670 'fi
1420 1577 1478 1655 Sol
1514 1577 1641 1669 interea

243 1677 435 1759 sensibiliter
455 1673 510 1756 vel
537 1681 580 1754 ab
595 1677 773 1752 horizonte
795 1675 956 1755 recedat,
974 1673 1033 1751 vel
1057 1675 1101 1748 ad
1124 1676 1308 1750 eundem'a
1336 1676 1464 1754 edat,
1496 1677 1548 1754 vis
1574 1678 1640 1756 So·

244 1781 285 1858 lis
303 1777 349 1854 ad
368 1777 468 1850 Mare
493 1771 690 1865 elevandum
717 1775 773 1851 vel
799 1771 923 1848 crescet
936 1767 1162 1855 sensibiliter,
1203 1771 1259 1850 vel
1327 1772 1483 1858 crescett
1506 1799 1550 1850 ex
1571 1799 1642 1874 quo

247 1879 327 1953 dom
362 1872 457 1948 Luna
496 1879 616 1967 proper
644 1869 861 1964 meridianum
898 1867 1035 1947 exiliit,
1064 1867 1137 1944 llari
1165 1869 1309 1968 potest,
1338 1887 1373 1944 ut
1411 1887 1524 1948 tameo
1550 1895 1641 1948 mare

248 1975 427 2050 etiamnum
454 1964 713 2050 elevetur{»vel
738 1967 826 2042 oded
856 1969 922 2063 jam
957 1965 1166 2062 deprimatur
1190 1971 1209 2038 a
1232 1966 1320 2044 Sole.
1376 1965 1431 2042 Er
1446 1969 1509 2062 whic
1540 1967 1550 2042 i
1579 1969 1644 2046 itur

272 2067 465 2166 erspicuum·
487 2063 536 2138 etl
561 2064 728 2140 summam¹
760 2061 870 2137 Mario
902 2062 1106 2137 altitudinem
1134 2061 1259 2141 tardius
1294 2063 1348 2138 seu
1379 2063 1452 2160 poll
1475 1993 1645 2144 transeam

247 2097 353 2243 ionae
380 2185 440 2259 per
472 2159 690 2238 meridianum
730 2161 883 2240 accidere
921 2162 1045 2255 dehere
1070 2203 1083 2242 ,
1109 2160 1206 2236 fieo
1225 2173 1378 2254 tempore
1401 2163 1459 2236 Sol
1483 2167 1526 2239 ab
1553 2162 1645 2238 hori·

247 2280 351 2343 conte
388 2258 562 2341 accedat,
616 2258 652 2332 id
690 2261 783 2356 quod
812 2255 925 2334 evenit
947 2251 1079 2341 ‚diebus
1113 2254 1319 2331 novilunium
1357 2259 1394 2334 δι
1429 2259 1645 2355 plenilunium

250 2355 532 2462 praecedentibus.
585 2353 723 2428 ‘Conni
762 2351 923 2427 auremli
957 2351 1052 2425 Luna
1084 2353 1158 2446 post
1193 2352 1303 2430 Solem
1341 2376 1401 2449 per
1427 2355 1649 2432 meridianum
1731 2403 1759 2424 c

248 2451 722 2547 tantantummodo
751 2449 836 2528 Solis
861 2465 970 2524 ortum
994 2448 1051 2525 vel
1083 2465 1160 2525 ante
1189 2448 1342 2526 occasum
1373 2477 1389 2544 ·‚
1422 2467 1491 2526 tum
1508 2496 1529 2538 ·‚
1566 2451 1644 2549 quia
1710 2495 1712 2500 .

251 2557 353 2631 Mare
389 2552 423 2624 in
447 2545 584 2624 transitu
608 2548 714 2624 Lunae
744 2571 803 2644 per
830 2545 1047 2622 meridianum
1073 2549 1093 2619 a
1117 2545 1151 2624 vi
1178 2545 1265 2624 Solis
1303 2545 1539 2646 deprimitur,
1574 2574 1644 2636 ma·

252 2653 378 2730 niniam
404 2647 518 2724 habuit
539 2645 744 2720 altitudinem
774 2662 851 2720 ante
876 2642 1041 2738 appulsum
1056 2637 1160 2720 Lunae
1174 2623 1217 2720 id
1236 2644 1476 2726 meridianum.
1502 2647 1538 2721 id
1552 2646 1646 2744 quo'd

256 2745 423 2840 contingit
459 2742 576 2818 diebos
613 2741 819 2819 novilunium
854 2738 1114 2837 pleniluniumve
1146 2741 1365 2841 sequentibus.
1415 2743 1564 2834 Quando
1588 2769 1645 2822 au·

253 2863 322 2923 tem
348 2842 407 2918 Sol
428 2837 532 2936 ipsum
569 2837 779 2914 horizontem
806 2854 981 2934 occupata
1014 2839 1094 2916 dorn
1126 2835 1222 2914 Luna
1255 2835 1290 2913 in
1320 2839 1502 2916 meridiano
1537 2841 1644 2918 versa·
1712 2919 1716 2926 ,

258 2959 343 3024 tur,
367 2957 436 3014 tum
454 2936 581 3012 etiamli
605 2934 759 3012 dillantia
778 2935 862 3014 Solls
887 2937 929 3010 ab
953 2935 1128 3012 horizonte
1155 2959 1312 3048 perquam
1336 2935 1568 3026 demutabilis,
1593 2957 1645 3012 ta·-
1708 2991 1713 3000 ·

258 3065 337 3119 man
370 3035 446 3115 ciam
484 3031 680 3110 elevationis
712 3033 766 3111 vis
798 3035 960 3130 quadrato
988 3031 1074 3108 frodo
1105 3031 1287 3110 altitudinis
1308 3035 1403 3123 Solis,
1429 3034 1467 3110 fit
1503 3059 1644 3134 propor-

257 3136 419 3219 nonalis,
445 3129 538 3234 qood
565 3129 702 3206 omnino
729 3132 914 3213 evanescit,
939 3124 1036 3200 etiam
1056 3129 1123 3204 hoc
1150 3129 1224 3206 cair
1251 3133 1393 3208 maxima
1413 3157 1509 3232 aquae
1532 3133 1646 3208 eleva·

257 3239 304 3317 tio
338 3233 371 3309 in
397 3229 502 3328 ipsum
526 3222 631 3304 Lunae
660 3253 719 3324 per
745 3228 961 3304 meridianum
999 3224 1167 3303 transitum
1192 3226 1355 3316 incidet,
1390 3229 1513 3329 hicque
1552 3229 1646 3308 cestu

258 3337 348 3416 circa
371 3331 585 3430 quadraturae
603 3325 809 3405 luminarium
838 3325 950 3406 locum
980 3323 1091 3402 habet.
