4444 5718
369 369 647 448 Faustus
701 365 1495 446 intercurrentium:
1586 364 1654 466 363

250 525 381 606 olorum
397 552 439 605 ac
452 525 698 605 noviluniomm
713 523 842 605 Flauus
859 525 1044 616 'adveniunt
1061 527 1145 604 bora
1164 527 1265 606 tenid
1285 523 1543 620 pomeridiana,
1572 548 1649 618 quae
1689 525 1721 599 C
1739 545 1809 604 aa.

178 703 188 708 -
251 626 434 706 retardatio
447 623 602 702 naturale
621 623 750 700 'censeri
772 623 907 721 potest,
934 647 1045 722 neque
1065 625 1234 705 littoribus
1260 624 1370 701 adbuc
1390 627 1548 716 turbata,
1570 619 1675 700 binc·
1699 621 1790 701 Vlll.

252 750 338 822 aqua
351 727 483 800 demum
498 726 542 798 ad
555 723 668 796 littora
681 719 862 798 Britanniae
889 723 1086 799 minorisae
1106 723 1327 822 Normanniae
1339 723 1578 821 progreditur3
1602 736 1651 797 at·

255 848 321 923 que
348 822 475 898 ideirco
500 821 550 897 bis
579 821 612 892 in
635 819 831 916 regionibus
852 817 977 896 Florus
1004 819 1127 896 tardibs
1157 823 1292 900 evenire
1318 819 1544 896 observantur.
1595 821 1651 899 Sic

253 924 299 996 ad
321 917 458 996 Portum
485 918 519 998 S.
545 915 646 992 Malo
663 933 815 1014 ternpore
833 918 1041 1018 syzygiarum
1062 916 1187 996 Fluxus
1213 923 1346 996 demum
1367 919 1451 993 hora
1478 920 1571 994 sexti
1597 920 1647 993 se-

255 1021 389 1118 quitur,
414 1018 458 1093 ad
483 1016 566 1092 ostia
587 1011 670 1092 verb
690 1013 854 1114 Sequanae
877 1019 976 1113 usque
1008 1019 1055 1092 ad
1079 1017 1197 1092 horam
1222 1041 1345 1093 nonam
1367 1018 1572 1093 retardatur:
1598 1033 1649 1092 at-

255 1141 322 1214 que
334 1115 379 1190 ita
395 1139 497 1208 porro
512 1111 690 1190 retardatio
712 1131 879 1209 augetur,
904 1117 1014 1190 donec
1028 1115 1163 1188 tandem
1185 1113 1218 1192 in
1233 1115 1322 1192 freto
1345 1111 1475 1188 Gallico
1496 1113 1651 1191 Dunlter·

254 1222 380 1312 quae&
405 1209 566 1287 Ostendae
591 1212 702 1288 medie
726 1211 826 1286 nocie
841 1209 974 1288 incidat.
1027 1212 1080 1288 Ex
1102 1212 1166 1287 hac
1193 1213 1276 1291 verb
1304 1211 1530 1288 retardatione
1554 1214 1651 1310 inno·

255 1313 349 1389 tescit
371 1308 523 1390 celeritas
547 1333 668 1405 aquae,
692 1312 757 1406 qua
782 1313 873 1404 juata
891 1309 1000 1386 littora
1019 1308 1258 1405 progreditur,
1281 1333 1386 1406 eaque
1409 1326 1502 1387 tanta
1530 1311 1651 1405 depre-

255 1408 489 1502 tenditurque
504 1404 569 1482 uni
583 1405 669 1480 hora
682 1407 815 1502 spatium
825 1410 959 1484 circiter
974 1411 1052 1500 (†)
1070 1414 1101 1486 8.
1114 1407 1299 1484 milliarium
1316 1405 1480 1482 conficiat.
1495 1405 1650 1504 Denique

256 1520 482 1605 aquatantam
499 1503 569 1580 fere
592 1505 679 1580 viam
696 1505 868 1580 absoluere
892 1509 994 1581 debet
1008 1509 1109 1598 usque
1135 1507 1178 1580 ad
1203 1506 1407 1586 Dublinum‚
1429 1520 1583 1604 quantam
1606 1507 1651 1580 ad

254 1605 375 1682 fretum
392 1603 581 1688 Gallicum,
605 1625 649 1676 ex
669 1626 736 1700 quo
751 1598 877 1680 Fluxus
902 1603 1002 1678 etiarn
1024 1601 1160 1678 Dublioi
1182 1605 1267 1682 hore
1288 1603 1420 1680 circiter
1442 1603 1574 1678 decima
1590 1629 1651 1698 po·⁸

256 1699 440 1781 meridiani
455 1698 621 1778 observari
642 1702 733 1777 solet.
787 1704 896 1800 Atque
916 1700 1009 1777 simili
1034 1702 1137 1776 modo
1154 1703 1332 1779 retardatio
1348 1699 1510 1776 Fluxuum
1533 1703 1578 1776 ad
1596 1700 1651 1776 lit·
1720 1716 1723 1724 ’

256 1815 333 1877 tora
355 1801 491 1878 aliarum
512 1798 690 1894 regionum
714 1799 781 1875 stne
803 1801 873 1876 utta
900 1798 1089 1874 dissic'ultate
1110 1800 1270 1895 explicari
1295 1798 1429 1900 poterit.

309 1899 340 1987 §-
372 1901 450 1996 115'.
504 1896 608 1992 Quod
629 1913 735 1973 autem
762 1901 805 1974 ad
826 1897 1042 1996 quantitatem
1069 1895 1167 1973 aesltis
1179 1899 1289 1974 Maris
1303 1899 1346 1974 ad
1372 1899 1482 1975 littora
1497 1893 1650 1975 'attiners

258 1988 356 2071 facite
370 1994 566 2090 intelligitur
589 1992 702 2070 aelium
728 1995 835 2072 Maris
853 1995 897 2071 ed
918 1996 1031 2072 littora
1053 1997 1212 2089 majorem
1236 1998 1297 2071 esse
1324 1998 1473 2079 debere,
1500 1998 1598 2091 quim
1617 1997 1652 2070 in

258 2094 372 2168 medio
455 2093 491 2167 ri.
542 2091 654 2168 Primb
676 2094 765 2167 enim
788 2117 875 2192 aqua
899 2117 974 2168 curn
1003 2093 1129 2189 impetu
1152 2099 1195 2168 ad
1223 2095 1335 2170 littora
1361 2094 1490 2175 allidit,
1515 2117 1559 2168 ex
1585 2115 1652 2189 quo

258 2115 476 2287 allapsusoio
504 2191 567 2284 jam
590 2191 838 2268 intumescentia
861 2190 941 2264 oriri
968 2192 1081 2266 dedet.
1133 2187 1266 2266 Deinde
1294 2193 1451 2290 quoniam
1478 2214 1563 2287 aqtta
1595 2195 1652 2265 ed·

258 2285 336 2362 dem
352 2288 548 2370 celeritate,
571 2313 668 2385 quam
684 2290 829 2366 habebat
844 2285 986 2364 Oceano
1002 2332 1014 2370 ‚
1041 2286 1096 2362 obi
1110 2289 1252 2364 maxima
1267 2291 1314 2364 eil
1328 2287 1555 2383 profunditas,
1574 2312 1654 2382 ptoz

258 2387 358 2477 gredi
368 2401 530 2466 conaturi
558 2389 602 2460 ad
616 2387 728 2463 littora
749 2387 893 2483 locaque
904 2388 1027 2464 vadosa
1043 2384 1259 2460 vehementer
1273 2387 1495 2483 intumescet,
1524 2400 1651 2460 tantum

259 2482 348 2555 enim
363 2480 433 2558 sere
459 2507 554 2580 aquae
569 2484 613 2558 ad
630 2488 741 2561 littora
765 2481 926 2563 affertur,
953 2499 1111 2578 quantum
1131 2480 1290 2561 sufficeret
1310 2487 1354 2562 ad
1376 2486 1533 2583 spatium,
1557 2483 1651 2579 quod

259 2580 369 2656 Terra
391 2597 558 2677 occupat,
583 2579 821 2658 inundandum.
872 2579 992 2658 Tertib
1017 2583 1076 2655 iste
1098 2603 1193 2676 aquae
1216 2581 1355 2660 affluxus
1382 2586 1417 2659 in
1446 2582 1568 2659 finibus
1592 2604 1652 2657 va·

259 2677 346 2755 dofis
359 2677 463 2755 multb
478 2679 587 2754 adbuc
599 2681 705 2777 magis
726 2678 906 2756 increscere
930 2681 1057 2764 debet,
1081 2677 1124 2752 eb
1141 2679 1234 2775 qubd
1247 2705 1339 2776 aqua*
1360 2683 1411 2759 his
1433 2683 1465 2755 in
1488 2677 1569 2752 locis
1586 2680 1653 2772 jam

259 2777 396 2850 multum
412 2775 544 2872 appulsa
556 2779 600 2850 ad
613 2779 716 2856 latera
729 2779 879 2854 diffluere
903 2778 1047 2877 nequit,
1083 2778 1109 2851 fi
1134 2776 1265 2872 quidem
1286 2779 1370 2856 finus
1393 2776 1518 2855 directe
1541 2771 1654 2852 uersits

259 2894 332 2950 eam
353 2874 486 2970 plagam
509 2891 647 2970 pateat,
667 2880 757 2952 unde
784 2899 869 2974 aqua
893 2876 1078 2955 advehitur.
1129 2873 1183 2950 Ex
1202 2875 1251 2950 his
1267 2876 1369 2972 igitur
1382 2901 1453 2953 non
1468 2875 1575 2948 solum
1597 2898 1652 2950 ra·

260 2970 310 3044 tio
326 2988 441 3069 patet,
465 2994 524 3047 cur
547 2971 715 3071 aquafere
739 2973 862 3070 ubique
888 2976 933 3048 ad
950 2973 1062 3050 littora
1085 2971 1129 3046 ad
1153 2973 1257 3046 mtdto
1273 2977 1432 3074 majorem
1446 2971 1653 3050 altitudinem

260 3068 422 3148 elevetur,
439 3068 588 3172 quitmin
604 3072 716 3147 medio
728 3070 847 3156 Mari,
884 3072 939 3146 sed
956 3073 1054 3146 etiam
1066 3094 1135 3173 =cur
1158 3069 1302 3148 Bristolii
1316 3090 1385 3148 tam
1404 3071 1548 3148 enormis
1570 3067 1651 3145 Flu·

258 3189 321 3242 xus
335 3167 424 3244 circa
446 3167 464 3238 l'
481 3166 598 3265 zygias
611 3169 818 3248 luminarium
843 3169 1035 3246 observetur
1050 3197 1063 3264 3
1081 3164 1157 3242 citro
1178 3169 1266 3242 enirn
1289 3168 1323 3244 in
1347 3172 1410 3248 hac
1435 3167 1576 3265 regione
1600 3167 1654 3241 lit·

258 3277 312 3338 tus
332 3263 371 3338 lit
391 3191 490 3342 velie
511 3265 671 3344 sinuosum
699 3293 740 3344 ac
777 3268 960 3350 vadosum,
983 3291 1070 3364 aqua
1092 3266 1238 3342 maxime
1263 3268 1300 3342 vi
1322 3268 1520 3366 appellitur,
1543 3269 1652 3363 neqtie

259 3362 305 3434 ob
335 3361 556 3438 sinuosrtatem
583 3384 651 3439 tam
672 3364 742 3442 citb
767 3365 915 3442 diffluere
937 3365 1055 3461 potest.
1105 3363 1218 3460 Atque
1240 3387 1283 3438 ex
1307 3365 1357 3440 his
1381 3363 1550 3461 principiis
1580 3387 1651 3436 non

260 3455 323 3532 erit
347 3458 480 3534 difficile
500 3459 662 3538 rationem
683 3464 948 3540 inconsuetomm
975 3463 1135 3539 aestuum,
1175 3462 1232 3560 qui
1258 3463 1369 3556 passim
1399 3465 1433 3536 in
1458 3460 1554 3536 variis
1572 3483 1652 3556 por·

258 3555 356 3632 tubus
374 3558 708 3646 animadvertuntur,
737 3561 884 3638 indicare
906 3573 1004 3659 atque
1019 3561 1213 3658 explicare3
1236 3563 1452 3658 quamobrem
1474 3559 1569 3653 hujus
1588 3579 1652 3652 ge·

260 3654 348 3728 neris
363 3652 597 3735 Phaenomenis
620 3662 826 3757 explicandis
842 3656 962 3754 diutiits
974 3684 1045 3735 non
1065 3667 1305 3736 immoramur,
1341 3659 1415 3734 cium
1430 3655 1649 3734 consideratio

210 3829 213 3838 ,
261 3751 410 3826 littorum
435 3759 470 3832 bt
494 3753 620 3834 Fiuxtis
639 3784 734 3857 aquae
766 3755 809 3834 eb
835 3756 951 3853 sponte
983 3761 1072 3855 quast
1099 3757 1308 3832 manuducat.

310 3845 340 3935 i·
373 3853 454 3922 116·
505 3853 667 3945 Quamvis
690 3875 798 3932 autem
830 3872 899 3929 tarn
924 3853 1076 3932 Affluxus
1098 3879 1193 3954 aquea
1225 3873 1279 3952 ex,
1299 3853 1441 3932 Oceano
1466 3849 1651 3938 atlantico,

262 3947 362 4048 quim
382 3944 545 4025 Refluxus
567 3977 626 4051 per
647 3951 766 4030 fretum
791 3950 931 4032 Galliam
954 3955 997 4028 ab
1016 3954 1141 4052 Anglii
1154 3949 1336 4038 dirimens,
1366 3949 1497 4050 ingenti
1518 3947 1576 4121 fiitt
1593 3973 1651 4061 ce·

1277 4063 1281 4072 “
1556 4063 1651 4130 ertia·¹

258 4215 1368 4256 mut-mu·—
1380 4217 1652 4246 -Ι--Ι

303 4327 745 4412 '(†)1ralegiturinexemplari
766 4333 907 4402 Parisino,
935 4333 1031 4412 procul
1048 4333 1135 4395 dubio
1147 4329 1281 4394 mendosi
1291 4366 1301 4397 ,
1319 4326 1366 4386 sed
1391 4327 1486 4386 locum
1506 4320 1653 4415 restituere

263 4437 319 4478 non
341 4421 432 4469 turnus
448 4413 525 4487 auti3
541 4421 577 4477 ab
597 4414 669 4477 ollio
685 4417 837 4476 Garumna
855 4413 892 4475 ad
911 4417 1065 4475 Dublinitm
1085 4415 1236 4494 quingenta
1256 4409 1367 4471 circiter
1391 4407 1490 4498 Italica
1504 4405 1651 4497 ¹rntlbartn

258 4512 439 4559 numerantur
454 4493 500 4559 vii
511 4499 677 4568 rettiffima,
690 4517 749 4575 quae
763 4499 838 4560 horis
856 4513 872 4563 7
893 4493 993 4560 aiflurm
1012 4513 1223 4574 percurruntur,
1236 4490 1283 4568 qui
1299 4490 1367 4552 ideo
1383 4487 1572 4577 7omtlltarra
1590 4482 1646 4541 fio·

261 4581 334 4662 gulis
344 4573 435 4726 3³0¹ss
457 4579 494 4638 ad
512 4581 665 4650 mimum
681 4579 865 4662 emercetur
889 4581 962 4645 uode
987 4585 1025 4642 80
1043 4575 1178 4644 milliaria
1197 4595 1250 4660 pro
1270 4577 1287 4646 l
1314 4569 1483 4652 &illiadem
1501 4563 1647 4642 sputu&

261 4680 342 4744 §unqe
372 4677 466 4736 mliii
