4406 5708
309 374 1429 494 Froxus'ncRaruuxusMnnt's.
1508 405 1578 482 35¹

175 537 255 632 sa,
289 529 398 616 mortu
428 533 644 616 horizontaiis
678 535 770 612 iimul
800 534 963 611 rationem
1003 533 1165 612 inversam
1185 530 1420 634 profunditatis
1441 535 1578 617 tenebit.
1619 543 1683 622 cl
1699 569 1729 622 s,

237 635 272 730 §.
300 657 361 734 97.
409 635 495 712 Deni
521 657 564 709 ue
583 648 760 748 antequam
787 631 854 710 boc
877 647 977 728 caput
1000 630 1178 716 finiemus,
1201 630 1311 708 notati
1330 649 1491 732 oportet,
1516 659 1580 712 ne·
1643 643 1715 722 vL

178 755 275 906 “siin
289 731 460 908 tlte
477 727 1160 925 indidissisisiiisiii,
1173 727 1265 902 tls
1288 729 1580 910 lriffiii's'is

773 872 784 907 t
1256 871 1269 912 ἱ
1569 871 1582 891 “

152 949 230 1002 .na
251 929 289 1004 δι
312 924 391 1001 Sole
408 945 488 1004 nata
513 927 561 1002 est
587 924 801 1009 debilissima,
825 927 883 1001 sed
908 925 1078 1022 eliquanto
1103 921 1236 1002 ramim.
1268 923 1378 1007 AEstdr
1400 931 1489 1006 enim
1510 950 1583 1002 ma.

182 1025 334 1120 gnitudo
359 1047 428 1097 non
449 1024 585 1100 solumd
611 1023 794 1120 quantitate
810 1023 929 1102 virium
952 1017 1193 1128 sollicitantium
1218 1029 1367 1136 pendet,
1392 1028 1439 1104 uti
1455 1028 1494 1104 id·
1513 1025 1585 1101 ufir·

184 1119 346 1206 veniret,
370 1121 394 1194 li
419 1145 507 1219 aqua
530 1121 648 1197 inertid
676 1133 825 1202 careret,
853 1119 910 1195 sed
924 1119 1085 1214 inlupetl
1106 1133 1199 1194 motu
1220 1143 1285 1218 pam
1311 1127 1389 1201 ante
1405 1138 1583 1218 concepto.

185 1213 297 1308 Quod
324 1218 348 1293 ii
375 1218 464 1292 enim
488 1222 564 1296 ante
589 1219 688 1292 Mare
716 1217 857 1293 omnino
882 1215 1091 1313 quesisset,
1129 1233 1198 1290 tutn
1227 1219 1349 1312 prinus
1380 1222 1469 1298 conl
1487 1219 1585 1296 sellus

38 1377 39 1380 t
185 1313 352 1392 oriundus
377 1315 560 1392 admodum
583 1313 710 1392 iuturus
732 1313 810 1391 esset
841 1312 962 1392 exitis,
989 1311 1111 1386 etiamst
1127 1311 1215 1392 vires
1241 1313 1455 1395 sollicitantes
1481 1315 1586 1396 essent

185 1411 373 1508 maritum
398 1413 571 1513 sequentes
603 1411 686 1490 verb
699 1411 796 1488 aestus
810 1407 974 1490 continud
993 1409 1199 1496 crescerent,
1223 1410 1334 1490 donec
1353 1417 1487 1491 tandem
1510 1415 1587 1514 posi

37 1543 38 1562 ι
185 1519 323 1604 tempus
350 1509 512 1588 infinitum
535 1511 800 1607 magnitudinem
828 1507 1022 1604 sisrgnatam
1055 1508 1270 1586 obtinerent,
1291 1508 1316 1583 fi
1336 1513 1472 1611 quidem
1498 1513 1586 1590 vires

186 1603 403 1698 sollicitantes
428 1609 518 1684 idem
538 1611 641 1684 robur
657 1604 821 1704 perpetud
843 1607 1031 1686 servarent:
1046 1620 1157 1714 etque
1178 1605 1348 1683 bocidem
1365 1607 1587 1689 evenire'de-

188 1701 274 1785 bet,
305 1702 329 1777 fi
358 1706 456 1782 aestus
479 1709 709 1804 praecedentes
725 1722 851 1782 tanturn
878 1701 1001 1781 suerint
1020 1723 1190 1784 minores,
1217 1706 1355 1804 qulmis
1378 1706 1436 1806 qui
1461 1704 1587 1784 vitibus

188 1797 442 1880 sollicitantibus
469 1806 643 1882 convenit.
684 1801 797 1895 Quare
824 1802 900 1880 cum
921 1799 1019 1876 asilus
1037 1799 1209 1878 novilunia
1234 1825 1275 1878 ac
1298 1803 1476 1898 plenilunio
1499 1827 1587 1900 prae·

188 1898 351 1974 cedentes
369 1902 430 1976 srnt
452 1904 618 1986 minores,
641 1898 666 1973 ii
693 1900 898 1998 quidemhis
922 1895 1128 1994 temporibus
1150 1900 1194 1976 ab
1219 1899 1322 1976 aunis
1335 1899 1460 1978 viribus
1483 1921 1587 1995 euge·
1621 1943 1628 1956 ·
1652 1921 1657 1930 ·

188 1992 340 2074 buntur»
377 2021 446 2074 non
471 2000 555 2080 verd
583 1997 691 2075 subitd
717 2014 822 2074 totam
850 1997 937 2072 suam
956 1994 1172 2092 quantitatem
1194 1995 1462 2092 consequentur,
1486 2013 1587 2094 atque

189 2088 279 2164 hano
305 2095 352 2168 ob
379 2120 451 2170 rem
470 2100 565 2174 aestus
589 2095 767 2171 etiamnum
789 2092 864 2188 post
884 2096 1037 2260 syzyfiias
1059 2107 1241 2188 augmenta
1262 2092 1452 2186 accipient,
1477 2095 1588 2168 donec

190 2187 240 2260 ob
264 2203 333 2263 tom
363 2191 510 2272 secutura
531 2190 649 2270 vitium
666 2199 902 2272 decrementa,
930 2215 961 2265 κ
991 2215 1028 2266 us
1051 2188 1167 2264 iterum
1194 2187 1384 2266 decrescere
1417 2188 1585 2288 incipiant.

191 2278 245 2358 lta
266 2301 420 2382 tempore
447 2289 693 2368 noviluniorum
713 2293 751 2368 δι
778 2287 1036 2384 pleniluniotum
1061 2301 1214 2360 nontam
1231 2282 1511 2386 tpnaettusqotm
1535 2287 1588 2362 in·

191 2397 364 2457 crementa
387 2411 503 2462 eorum
524 2387 691 2463 censenda
717 2386 789 2460 sunt
812 2383 982 2464 maxima,
1007 2397 1169 2482 quatenus
1194 2377 1316 2458 scilicet
1342 2383 1440 2462 aeilus
1462 2406 1588 2480 praece·

192 2477 312 2553 dentes
328 2481 471 2560 maxime
496 2481 680 2568 deficiunt,
704 2485 748 2559 ab
772 2479 811 2557 iis
824 2480 881 2578 qui
903 2481 991 2581 sequi
1011 2483 1200 2573 deberent3
1225 2501 1269 2554 ex
1295 2503 1364 2577 quo
1381 2479 1588 2558 menifestum

194 2571 245 2646 est
272 2597 341 2650 oon
366 2577 443 2654 ilios
464 2581 585 2659 aestus,
610 2577 668 2678 qui
693 2579 728 2653 in
756 2577 830 2673 iplis
864 2577 1007 2680 syzygiis
1036 2575 1241 2656 luminarium
1264 2574 1489 2676 contingunt,
1524 2577 1586 2654 eise

192 2670 392 2763 maximoe,
429 2676 486 2752 sed
509 2677 681 2774 sequentes
702 2673 764 2753 effe
784 2682 934 2770 majores.
982 2677 1128 2778 Hocque
1147 2674 1237 2750 idem
1255 2672 1510 2773 intelligendum
1538 2677 1587 2752 est

191 2769 238 2870 *dc
267 2771 397 2850 aestibus
417 2771 586 2856 minimis,
611 2774 668 2870 qui
694 2773 819 2848 nonin
841 2773 924 2870 ipsas
948 2780 1162 2890 quadratutes
1186 2769 1363 2859 incidunt,
1389 2777 1446 2852 sed
1464 2769 1589 2852 tunditis

194 2868 397 2966 sequuntur:
420 2871 510 2946 unde
532 2871 616 2945 ratio
631 2869 812 2948 luculenter
825 2873 1041 2969 perspicitur,
1066 2894 1125 2950 cur
1147 2865 1243 2946 aessus
1257 2871 1323 2942 tim
1337 2873 1473 2952 maxinii
1487 2875 1589 3044 βψω

161 2991 166 2998 ·
196 2965 322 3040 minimi
354 2989 425 3042 noo
454 2966 529 3063 ipsrs
562 2967 771 3068 syzygiamm
800 2967 838 3045 δι
871 2971 1145 3082 quadraturatpm
1176 2963 1422 3062 tempestatibus
1447 2995 1483 3046 te
1499 2991 1590 3063 pon·
1765 3021 1769 3028 .

197 3059 323 3142 deant,
348 3063 527 3142 senterius
550 3065 792 3148 observentur,
816 3067 904 3142 tertti
926 3067 1048 3144 scilicet
1066 3065 1202 3142 demum
1222 3063 1279 3142 uei
1303 3068 1410 3162 quarti
1423 3069 1498 3166 poll
1514 3065 1589 3143 haec
1733 3147 1735 3150 ,

204 3173 363 3256 tempore.
1593 3208 1595 3218 .

458 3415 1340 3616 cururserrtmum

200 3687 400 3822 Explicatis
425 3709 676 3823 precipuorum
700 3703 1008 3794 Phaenomenorum
1044 3704 1140 3788 circa
1163 3693 1297 3810 AEiium
1327 3695 1452 3780 Maris
1475 3688 1588 3805 obser-⁹
1676 3734 1679 3748 1

801 3847 983 3909 vasorum,

202 4029 236 4127 ⁵·
263 4037 321 4131 ⁹⁸·
350 3993 718 4216 ΙΜΜΜ
738 4027 1025 4208 ,opus
1044 4019 1438 4204 “essentem
1457 4025 1587 4199 Μ

201 4179 248 4302 eii
266 4226 419 4310 diretta
445 4155 547 4310 εῗῑῗτα
573 4150 1170 4341 vvequussolgsmnprququqiquarun
1236 4149 1276 4333 e·
1346 4312 1353 4328 ,

203 4325 311 4399 etium
329 4327 550 4428 analyticum,
577 4325 647 4402 tino
662 4351 723 4423 per
745 4325 848 4404 solida
873 4341 1046 4403 rattocmrtt
1064 4338 1112 4398 tta
1138 4319 1454 4429 determrnsvtmus,
1478 4332 1515 4392 ut
1543 4317 1593 4394 do

203 4441 318 4496 sonim
338 4425 510 4503 existentis
536 4423 680 4504 dubitati
693 4423 832 4500 omnino
847 4444 915 4496 non
937 4421 1062 4506 liceat,
1084 4414 1265 4516 iiqutdeut
1277 4414 1341 4489 illas
1360 4435 1450 4526 utres
1463 4415 1589 4490 admn-

134 4591 137 4598 .
204 4530 324 4598 nunu.
359 4519 407 4600 At
434 4522 519 4602 retd
542 4522 619 4605 isius
648 4523 790 4607 tiresia
804 4519 931 4600 mundo
949 4519 1095 4716 effer:
1112 4533 1185 4623 noo
1201 4509 1303 4620 solunt
1327 4531 1387 4608 per
1408 4511 1587 4682 tquqqag·

1063 4228 1191 4312 ebent;
1216 4220 1337 4316 eosque
1356 4211 1433 4294 citur
1446 4243 1506 4315 per
1519 4219 1604 4296 osb·
