4444 5718
580 335 660 468 332⁵
801 357 1136 452 luqursrmtn
1186 349 1421 422 Perstet
1463 361 1513 417 tu
1549 337 1775 468 Causam

304 487 308 498 -
428 540 549 614 Car.
580 523 668 600 adeo
682 512 1021 620 pugnarevideantur
1034 487 1297 606 a'quddfienim
1311 495 1397 571 inter
1419 493 1591 592 seprorsus
1613 491 1859 607 omrveninent,
1881 494 1979 572 theo·

455 633 497 709 ,ν
581 621 630 699 ria
643 623 711 694 tion
724 615 831 692 solbm
846 635 914 688 non
928 634 971 684 eo
995 604 1151 683 consensu
1164 597 1443 678 confirmaretur,
1461 594 1519 672 sed
1533 595 1643 692 potiits
1668 615 1808 667 ommno
1833 593 1976 672 subver-

499 691 508 709 ’
584 733 732 800 teretur,
758 711 834 788 edm
860 708 1000 806 quilibet
1012 701 1110 780 facile
1124 697 1457 796 agnomatnbaqnn
1482 693 1632 772 inertiam
1647 688 1981 770 determinationibus

585 813 738 894 exhibitis
765 809 936 908 ingentem
963 802 1178 882 mutationem
1206 793 1319 871 inferri
1343 793 1480 867 debere.
1530 791 1617 887 Quae
1630 808 1739 869 autem
1760 811 1804 862 ex
1826 789 1981 867 dedutilis

583 907 850 990 conclusionibus
875 901 1017 980 maxime
1041 904 1083 976 ab
1118 891 1326 992 experientia
1351 887 1563 975 dissentiunt,
1589 887 1784 988 potissimum
1813 887 1979 983 quantita·

583 1028 652 1087 tem
679 1004 873 1085 elevationis
897 1027 994 1100 aquae
1015 1023 1055 1074 ac
1081 993 1238 1092 temporis
1265 1000 1501 1066 momentum,
1529 1013 1597 1086 quo
1636 1005 1702 1063 tam
1726 986 1849 1061 summa
1869 982 1981 1066 Maris

584 1107 730 1186 elevatio
751 1101 928 1202 quamima
948 1093 1111 1195 depreffio
1124 1091 1320 1186 contingere
1347 1085 1453 1170 solet,
1474 1087 1657 1182 respiciunt.
1708 1082 1877 1180 Nusquam
1888 1085 1978 1160 enim

584 1203 641 1282 ubi
694 1202 804 1278 uidem
830 1197 999 1274 Marcell
1024 1195 1164 1269 libemm
1189 1206 1287 1284 atque
1315 1199 1492 1280 apertum,
1519 1199 1588 1260 tam
1619 1181 1778 1280 exiguum
1803 1178 1979 1258 discrimen

584 1301 671 1378 inter
718 1301 831 1375 luxum
847 1321 887 1377 ac
910 1285 1147 1369 Refluxum'in
1165 1309 1263 1386 aquae
1287 1281 1460 1358 altitudine
1485 1283 1707 1365 observatur,
1731 1277 1828 1378 quale
1841 1276 1874 1351 in
1892 1305 1979 1375 prae·

585 1398 785 1477 cedentibus
811 1391 1043 1470 delinivimus,
1069 1403 1210 1486 quatuor
1234 1381 1358 1458 scilicet
1380 1379 1501 1472 pedum
1520 1391 1661 1456 ,tantum
1687 1402 1700 1464 ,·
1734 1401 1810 1476 quae
1832 1375 1977 1456 elevatio
2054 1389 2056 1392 ’

585 1497 718 1592 insuper
738 1485 849 1570 tamen
876 1487 1019 1568 maxima
1042 1489 1091 1562 est
1110 1480 1336 1580 deprehensa,
1360 1499 1399 1554 ac
1423 1481 1495 1548 turn
1520 1475 1622 1555 sotum
1648 1477 1815 1574 oriunda,
1842 1478 1976 1572 quando

585 1608 655 1669 tum
679 1588 896 1688 regiopmpe
921 1611 952 1662 ae
977 1578 1279 1664 uatoremeststta,
1304 1577 1400 1672 quam
1425 1573 1512 1651 vires
1526 1575 1733 1666 luminarium
1747 1573 1832 1648 inter
1850 1576 1882 1648 se
1906 1599 1981 1652 ma.

586 1689 677 1767 xime
710 1685 908 1783 conspirant
953 1609 1177 1783 quperientis
1200 1697 1343 1774 namque
1371 1671 1501 1750 constat
1524 1716 1538 1756 ,
1586 1675 1746 1771 plerisque
1769 1672 1930 1757 inlotis,
1952 1671 1994 1748 st

585 1787 682 1862 aestus
702 1784 878 1880 contingat
901 1783 1093 1862 maximus,
1117 1799 1239 1876 aquam
1262 1796 1331 1846 non
1351 1769 1456 1848 solitm
1476 1772 1521 1848 ad
1543 1774 1751 1851 altitudinem
1777 1770 1881 1864 duplo
1905 1794 1978 1846 ma·

586 1885 720 1977 iorem,
746 1882 803 1957 sed
821 1882 922 1957 etiam
938 1875 1154 1982 quadruplam
1174 1915 1186 1954 ,
1211 1867 1281 1976 imb
1296 1867 1509 1945 nonnullisin
1534 1871 1617 1948 locis
1641 1871 1728 1948 adeo
1741 1867 1915 1962 decuplam
1928 1883 1981 1944 at·

587 1981 681 2072 tolli3
710 2003 897 2080 quanquam
926 1981 1000 2052 baec
1018 1967 1163 2052 enormis
1186 1966 1328 2046 elevatio
1350 1967 1490 2044 nonsoli
1514 1969 1642 2047 inertiae
1656 1992 1781 2066 aquae,
1805 1965 1859 2071 sed
1875 1964 1981 2042 maxi·

588 2073 674 2153 mani
696 2095 822 2174 partem
845 2074 959 2152 vicino
983 2069 1168 2149 continenti
1191 2093 1230 2144 ac
1244 2066 1389 2144 littomm
1413 2065 1486 2141 sttui
1506 2069 1555 2143 esi
1577 2067 1773 2145 tribuenda,
1800 2061 1847 2138 uti
1866 2063 1901 2138 in
1927 2063 1980 2138 ie-

589 2175 704 2272 quenti
719 2175 824 2271 capite
840 2169 1009 2249 clarissime
1031 2168 1274 2246 monstrabitur.
1312 2163 1449 2240 Deinde
1476 2165 1572 2238 etiam
1590 2166 1682 2264 quod
1710 2164 1754 2238 ad
1776 2179 1906 2257 tempus
1929 2176 1980 2235 at·

588 2275 697 2356 tinet,
727 2272 885 2369 nusquam
911 2267 975 2343 illis
999 2265 1074 2364 ipsis
1098 2264 1300 2348 momentis,
1325 2287 1401 2362 quae
1425 2261 1673 2357 affignavimus,
1697 2261 1821 2335 Fluxus
1842 2283 1881 2332 ac
1907 2257 1980 2333 Re·

587 2368 696 2444 fluxus
720 2392 864 2466 unquam
887 2365 1109 2460 contingunt,
1135 2363 1310 2437 necetiam
1332 2357 1581 2455 tempestatibus
1605 2361 1661 2436 hic
1681 2356 1824 2434 desinitis
1854 2354 1980 2436 Fluxus

587 2465 722 2542 maximi
745 2465 801 2542 vel
826 2463 971 2544 minimi,
996 2463 1053 2538 sed
1078 2457 1202 2558 ubique
1221 2457 1345 2534 tardibs
1366 2457 1500 2534 evenire
1526 2458 1716 2535 constanter
1740 2455 1980 2548 observantur3

585 2565 677 2657 euius
706 2560 842 2736 puidam
866 2558 1099 2640 retardationis
1125 2555 1219 2636 causa
1240 2555 1276 2629 in
1301 2555 1373 2654 ipsd
1397 2577 1493 2654 aquae
1517 2555 1635 2633 inertia
1659 2555 1764 2652 pofita
1785 2545 1852 2627 elle
1873 2553 1988 2648 prima

494 2687 500 2696 ·
584 2662 685 2738 etiam
740 2663 821 2735 onte¹
852 2659 1053 2756 perspicitur.
1889 2667 1892 2675 ’

634 2759 665 2850 i.
693 2779 752 2852 72.
791 2757 1011 2852 Quantumvis
1036 2771 1146 2833 autem
1174 2751 1314 2846 agitatio
1337 2749 1444 2828 Maris
1468 2748 1502 2826 in
1525 2751 1791 2850 praecedentibus
1814 2745 1980 2846 capitibus

585 2856 803 2952 determinata
817 2861 859 2934 ab
874 2854 1160 2932 observationibus
1171 2849 1364 2928 dissentiat,
1393 2863 1504 2925 tamen
1524 2853 1712 2948 complures
1724 2849 1979 2926 circumstantiae

583 2947 650 3030 sese
676 2958 740 3051 jam
753 2950 1211 3050 praebuerunt‚experientiae
1233 2963 1408 3042 tantopere
1429 2949 1683 3042 consentaneae,
1710 2943 1979 3043 utampliirsdu·

585 3053 691 3130 bitere
712 3053 850 3127 omnino
872 3071 1100 3148 nequeamus,
1128 3047 1209 3144 quin
1236 3048 1270 3120 in
1292 3043 1415 3122 viribus
1434 3046 1544 3120 Solem
1558 3049 1752 3145 Lunamque
1775 3043 1977 3144 respicienti·

586 3151 673 3230 bus,
699 3171 781 3248 quas
799 3171 868 3221 non
881 3147 1007 3222 temere
1020 3143 1240 3224 assumlimus,
1267 3143 1323 3218 sed
1347 3142 1482 3217 aliunde
1495 3145 1634 3222 exiliere
1650 3144 1949 3246 demonstravimus
1964 3186 1987 3243 ,¹

584 3271 664 3325 ueta
689 3251 725 3324 dt
749 3245 897 3341 genuina
916 3242 1014 3321 assitis
1036 3244 1141 3318 Maris
1155 3241 1251 3319 causa
1278 3239 1499 3316 contineatur.
1548 3241 1647 3319 Hanc
1661 3245 1707 3318 ob
1730 3263 1800 3316 rem
1813 3243 1879 3335 jam
1902 3267 1974 3316 me-

584 3343 651 3419 rim
677 3344 825 3436 suspicari
849 3345 951 3422 licet,
975 3338 1186 3428 dissensiones
1209 3363 1284 3437 quae
1304 3336 1390 3412 inter
1414 3339 1574 3414 theoriam
1601 3340 1774 3420 nostram,
1815 3353 1985 3438 quatenus·

585 3465 658 3516 eam
682 3441 827 3517 aliumtae
852 3441 1024 3541 hypothefi
1050 3438 1338 3536 superstmximus.
1359 3438 1396 3512 δι
1419 3437 1656 3532 experientiam
1677 3437 1904 3520 intercedunt,
1932 3437 1974 3515 ab

585 3563 681 3636 aquae
695 3539 812 3614 inertia
830 3541 962 3637 alisque
985 3536 1261 3620 circumstantiis,
1280 3540 1422 3632 ‘quarum
1448 3535 1571 3610 nullam
1590 3537 1700 3612 adhuc
1723 3536 1883 3611 rationem
1907 3535 1976 3612 ba·
2005 3571 2008 3576 ·

585 3637 738 3712 buimns,
767 3635 938 3730 proficisci.
990 3633 1197 3728 Quocircasr
1217 3635 1328 3707 omnia
1342 3629 1470 3706 inertiae
1494 3633 1749 3710 ratione'habitd
1760 3635 1804 3710 ad
1818 3633 1976 3712 observa·

586 3733 695 3806 tiones
725 3731 859 3827 propiiu
897 3733 1089 3816 accedant,
1114 3731 1150 3804 id
1175 3729 1308 3828 quidem
1337 3729 1458 3804 nostrae
1485 3733 1623 3810 theoriae
1648 3733 1828 3808 maximum
1856 3730 1977 3810 afferet

451 3863 458 3874 ·
586 3829 849 3909 firmamentum,
876 3829 1086 3927 atquefimul
1109 3851 1230 3906 omnes
1255 3829 1336 3906 alias
1359 3829 1498 3915 causas,
1523 3831 1803 3930 quaepraeterhas
1825 3831 1975 3910 veliunt

585 3926 728 4036 prolatae
753 3928 807 4004 vel
828 3927 968 4024 proferri
994 3927 1157 4025 possunt,
1174 3927 1371 4008 excludet,¹
1391 3925 1559 4027 irritasque
1583 3929 1712 4005 reddet.
1762 3929 1848 4005 Cium
1872 3927 1974 4024 igitur

584 4024 775 4099 consenlnm
803 4027 897 4120 hujus
921 4027 1062 4100 theoriae
1089 4049 1165 4101 cum
1194 4025 1462 4112 Pbaenomenis‚
1509 4039 1590 4104 mox
1616 4028 1713 4104 limus
1734 4025 1972 4106 evidentissime

585 4121 772 4202 ostensuri,
814 4121 988 4222 quaestioni
1014 4125 1057 4205 ab
1076 4121 1207 4222 inclyti
1229 4125 1412 4199 Academia
1435 4125 1613 4224 proposttae
1637 4121 1683 4206 eir
1701 4125 1767 4204 asle
1789 4119 1972 4201 samfeciffe

586 4221 656 4312 jure
689 4221 785 4296 nobis
813 4221 1019 4299 uidebimur:
1046 4221 1120 4298 cirm
1143 4221 1334 4297 non'solum
1349 4223 1453 4299 nullas
1474 4226 1562 4306 vires
1584 4223 1795 4324 imaginarias
1808 4217 1974 4293 effinxeri-

585 4339 682 4402 mus,
707 4319 763 4394 sed
786 4319 886 4402 etiam
900 4319 1021 4398 uirium
1039 4321 1166 4394 Lunam
1188 4319 1365 4420 Solemque
1389 4321 1627 4418 respicientium
1646 4317 1850 4398 existentiam
1865 4316 1974 4406 aliun·

586 4414 632 4488 de
648 4415 793 4493 dilucide
817 4418 1024 4499 evicerimus.
1063 4414 1184 4514 Neque
1206 4429 1287 4494 vero
1313 4443 1349 4492 tn
1369 4421 1435 4496 hoc
1452 4420 1592 4520 negotio
1615 4442 1691 4496 cum
1714 4413 1877 4516 plerisque
1902 4421 1973 4490 An·

586 4513 721 4608 glomm
741 4517 785 4593 ad
804 4517 980 4618 qualitates
1002 4514 1150 4595 occultas
1169 4515 1273 4596 sumus
1297 4517 1442 4616 delapsi,
1471 4515 1587 4602 verbm
1606 4519 1723 4615 potius⁴
1739 4515 1869 4598 caubm
1893 4515 1974 4592 isia·

820 4649 822 4657 ·
1118 4636 1121 4647 '
1899 4639 1974 4694 rum
