<?xml version="1.0" encoding="UTF-8"?>
<!DOCTYPE html PUBLIC "-//W3C//DTD XHTML 1.0 Transitional//EN"
    "http://www.w3.org/TR/xhtml1/DTD/xhtml1-transitional.dtd">
<html xmlns="http://www.w3.org/1999/xhtml" xml:lang="en" lang="en">
 <head>
  <title>
</title>
<meta http-equiv="Content-Type" content="text/html;charset=utf-8" />
  <meta name='ocr-system' content='tesseract 3.04.00' />
  <meta name='ocr-capabilities' content='ocr_page ocr_carea ocr_par ocr_line ocrx_word'/>
</head>
<body>
  <div class='ocr_page' id='page_1' title='image "./philosophiaenat01eulegoog_0397.png"; bbox 0 0 4406 5708; ppageno 0'>
   <div class='ocr_carea' id='block_1_1' title="bbox 596 268 1795 370">
    <p class='ocr_par' dir='ltr' id='par_1_1' title="bbox 596 268 1795 370">
     <span class='ocr_line' id='line_1_1' title="bbox 596 268 1795 370; baseline 0.002 -22"><span class='ocrx_word' id='word_1_1' title='bbox 596 268 675 370; x_wconf 77' lang='lat'>356</span> <span class='ocrx_word' id='word_1_2' title='bbox 842 269 1177 363; x_wconf 79' lang='lat' dir='ltr'>luqorsrrro</span> <span class='ocrx_word' id='word_1_3' title='bbox 1214 269 1446 352; x_wconf 78' lang='lat' dir='ltr'>Porsron</span> <span class='ocrx_word' id='word_1_4' title='bbox 1486 269 1795 369; x_wconf 66' lang='lat' dir='ltr'>russrvsnnr</span> 
     </span>
    </p>
   </div>
   <div class='ocr_carea' id='block_1_2' title="bbox 374 423 2112 4226">
    <p class='ocr_par' dir='ltr' id='par_1_2' title="bbox 374 423 2112 4226">
     <span class='ocr_line' id='line_1_2' title="bbox 374 423 1983 530; baseline 0.004 -31"><span class='ocrx_word' id='word_1_5' title='bbox 374 503 381 518; x_wconf 67' lang='grc'><em>,</em></span> <span class='ocrx_word' id='word_1_6' title='bbox 455 445 561 530; x_wconf 48' lang='grc' dir='ltr'>(Ἢ,</span> <span class='ocrx_word' id='word_1_7' title='bbox 646 423 1361 524; x_wconf 70' lang='lat' dir='ltr'>5.105.Saxmml³haeuomenoninhoc</span> <span class='ocrx_word' id='word_1_8' title='bbox 1386 425 1566 526; x_wconf 81' lang='lat' dir='ltr'>ponimus,</span> <span class='ocrx_word' id='word_1_9' title='bbox 1593 425 1688 528; x_wconf 86' lang='lat' dir='ltr'>quhd</span> <span class='ocrx_word' id='word_1_10' title='bbox 1712 446 1883 513; x_wconf 73' lang='lat' dir='ltr'>momenta</span> <span class='ocrx_word' id='word_1_11' title='bbox 1902 429 1983 512; x_wconf 82' lang='lat' dir='ltr'>ilu-</span> 
     </span>
     <span class='ocr_line' id='line_1_3' title="bbox 375 523 1988 631; baseline 0.006 -31"><span class='ocrx_word' id='word_1_12' title='bbox 375 615 378 622; x_wconf 18' lang='lat'>¹</span> <span class='ocrx_word' id='word_1_13' title='bbox 467 547 541 631; x_wconf 59' lang='lat' dir='ltr'>pfl,</span> <span class='ocrx_word' id='word_1_14' title='bbox 597 549 698 601; x_wconf 85' lang='lat' dir='ltr'>xuum</span> <span class='ocrx_word' id='word_1_15' title='bbox 729 543 883 624; x_wconf 89' lang='lat' dir='ltr'>tempore</span> <span class='ocrx_word' id='word_1_16' title='bbox 905 524 1110 623; x_wconf 80' lang='lat' dir='ltr'>syzygiamm</span> <span class='ocrx_word' id='word_1_17' title='bbox 1133 525 1237 600; x_wconf 87' lang='lat' dir='ltr'>multo</span> <span class='ocrx_word' id='word_1_18' title='bbox 1257 523 1399 602; x_wconf 72' lang='lat' dir='ltr'>slriCiiits</span> <span class='ocrx_word' id='word_1_19' title='bbox 1419 525 1570 606; x_wconf 86' lang='lat' dir='ltr'>ordinem</span> <span class='ocrx_word' id='word_1_20' title='bbox 1600 543 1716 603; x_wconf 89' lang='lat' dir='ltr'>tenere</span> <span class='ocrx_word' id='word_1_21' title='bbox 1737 528 1988 620; x_wconf 66' lang='lat' dir='ltr'>observanter,</span> 
     </span>
     <span class='ocr_line' id='line_1_4' title="bbox 496 621 1988 722; baseline 0.004 -20"><span class='ocrx_word' id='word_1_22' title='bbox 496 696 499 702; x_wconf 87' lang='lat'><em>.</em></span> <span class='ocrx_word' id='word_1_23' title='bbox 600 629 698 722; x_wconf 69' lang='lat' dir='ltr'>quim</span> <span class='ocrx_word' id='word_1_24' title='bbox 724 625 811 700; x_wconf 84' lang='lat' dir='ltr'>circa</span> <span class='ocrx_word' id='word_1_25' title='bbox 837 629 1063 720; x_wconf 73' lang='lat' dir='ltr'>quadraturas.</span> <span class='ocrx_word' id='word_1_26' title='bbox 1127 623 1196 697; x_wconf 84' lang='lat' dir='ltr'>iiio</span> <span class='ocrx_word' id='word_1_27' title='bbox 1224 621 1309 698; x_wconf 86' lang='lat' dir='ltr'>verh</span> <span class='ocrx_word' id='word_1_28' title='bbox 1335 623 1556 700; x_wconf 82' lang='lat' dir='ltr'>anteomnia</span> <span class='ocrx_word' id='word_1_29' title='bbox 1577 625 1912 706; x_wconf 87' lang='lat' dir='ltr'>animadvertendum</span> <span class='ocrx_word' id='word_1_30' title='bbox 1935 635 1988 708; x_wconf 88' lang='lat' dir='ltr'>est</span> 
     </span>
     <span class='ocr_line' id='line_1_5' title="bbox 597 719 1989 820; baseline 0.005 -24"><span class='ocrx_word' id='word_1_31' title='bbox 597 723 801 818; x_wconf 75' lang='lat' dir='ltr'>praecipuam</span> <span class='ocrx_word' id='word_1_32' title='bbox 826 719 1008 796; x_wconf 79' lang='lat' dir='ltr'>sensibilem</span> <span class='ocrx_word' id='word_1_33' title='bbox 1027 721 1223 798; x_wconf 86' lang='lat' dir='ltr'>anomaliam</span> <span class='ocrx_word' id='word_1_34' title='bbox 1237 721 1271 794; x_wconf 90' lang='lat' dir='ltr'>in</span> <span class='ocrx_word' id='word_1_35' title='bbox 1290 720 1465 798; x_wconf 89' lang='lat' dir='ltr'>momentis</span> <span class='ocrx_word' id='word_1_36' title='bbox 1489 721 1626 796; x_wconf 82' lang='lat' dir='ltr'>telluum</span> <span class='ocrx_word' id='word_1_37' title='bbox 1642 723 1718 796; x_wconf 88' lang='lat' dir='ltr'>inde</span> <span class='ocrx_word' id='word_1_38' title='bbox 1733 723 1899 820; x_wconf 75' lang='lat' dir='ltr'>originem</span> <span class='ocrx_word' id='word_1_39' title='bbox 1913 747 1989 803; x_wconf 81' lang='lat' dir='ltr'>tra-</span> 
     </span>
     <span class='ocr_line' id='line_1_6' title="bbox 595 817 1983 921; baseline 0.006 -30"><span class='ocrx_word' id='word_1_40' title='bbox 595 821 703 901; x_wconf 87' lang='lat' dir='ltr'>here,</span> <span class='ocrx_word' id='word_1_41' title='bbox 725 817 818 916; x_wconf 86' lang='lat' dir='ltr'>qudd</span> <span class='ocrx_word' id='word_1_42' title='bbox 842 818 915 892; x_wconf 88' lang='lat' dir='ltr'>haec</span> <span class='ocrx_word' id='word_1_43' title='bbox 938 837 1108 896; x_wconf 89' lang='lat' dir='ltr'>momenta</span> <span class='ocrx_word' id='word_1_44' title='bbox 1133 843 1177 894; x_wconf 85' lang='lat' dir='ltr'>ex</span> <span class='ocrx_word' id='word_1_45' title='bbox 1198 835 1351 912; x_wconf 85' lang='lat' dir='ltr'>tempore</span> <span class='ocrx_word' id='word_1_46' title='bbox 1381 819 1473 894; x_wconf 88' lang='lat' dir='ltr'>solari</span> <span class='ocrx_word' id='word_1_47' title='bbox 1499 836 1599 921; x_wconf 78' lang='lat' dir='ltr'>atque</span> <span class='ocrx_word' id='word_1_48' title='bbox 1625 822 1644 894; x_wconf 75' lang='grc' dir='ltr'>ὲ</span> <span class='ocrx_word' id='word_1_49' title='bbox 1671 845 1754 896; x_wconf 84' lang='lat' dir='ltr'>vero</span> <span class='ocrx_word' id='word_1_50' title='bbox 1770 823 1907 910; x_wconf 86' lang='lat' dir='ltr'>meridie</span> <span class='ocrx_word' id='word_1_51' title='bbox 1929 825 1983 900; x_wconf 86' lang='lat' dir='ltr'>seu</span> 
     </span>
     <span class='ocr_line' id='line_1_7' title="bbox 596 914 1985 1011; baseline 0.004 -20"><span class='ocrx_word' id='word_1_52' title='bbox 596 915 731 992; x_wconf 78' lang='lat' dir='ltr'>transitu</span> <span class='ocrx_word' id='word_1_53' title='bbox 757 915 840 990; x_wconf 87' lang='lat' dir='ltr'>Solis</span> <span class='ocrx_word' id='word_1_54' title='bbox 863 939 923 1010; x_wconf 90' lang='lat' dir='ltr'>per</span> <span class='ocrx_word' id='word_1_55' title='bbox 944 915 1160 994; x_wconf 88' lang='lat' dir='ltr'>meridianum</span> <span class='ocrx_word' id='word_1_56' title='bbox 1184 916 1310 992; x_wconf 84' lang='lat' dir='ltr'>soleant</span> <span class='ocrx_word' id='word_1_57' title='bbox 1332 917 1538 1011; x_wconf 82' lang='lat' dir='ltr'>computari,</span> <span class='ocrx_word' id='word_1_58' title='bbox 1565 914 1640 992; x_wconf 82' lang='lat' dir='ltr'>crim</span> <span class='ocrx_word' id='word_1_59' title='bbox 1662 915 1825 1010; x_wconf 78' lang='lat' dir='ltr'>caputiis</span> <span class='ocrx_word' id='word_1_60' title='bbox 1846 923 1867 994; x_wconf 84' lang='lat' dir='ltr'>ai</span> <span class='ocrx_word' id='word_1_61' title='bbox 1888 936 1985 998; x_wconf 89' lang='lat' dir='ltr'>tran-</span> 
     </span>
     <span class='ocr_line' id='line_1_8' title="bbox 596 1011 1982 1112; baseline 0.002 -22"><span class='ocrx_word' id='word_1_62' title='bbox 596 1015 658 1090; x_wconf 86' lang='lat' dir='ltr'>srtu</span> <span class='ocrx_word' id='word_1_63' title='bbox 679 1015 783 1087; x_wconf 87' lang='lat' dir='ltr'>Lunae</span> <span class='ocrx_word' id='word_1_64' title='bbox 809 1037 868 1108; x_wconf 91' lang='lat' dir='ltr'>per</span> <span class='ocrx_word' id='word_1_65' title='bbox 895 1014 1115 1090; x_wconf 89' lang='lat' dir='ltr'>meridianum</span> <span class='ocrx_word' id='word_1_66' title='bbox 1144 1016 1323 1112; x_wconf 79' lang='lat' dir='ltr'><strong>pendeant.</strong></span> <span class='ocrx_word' id='word_1_67' title='bbox 1360 1011 1466 1106; x_wconf 81' lang='lat' dir='ltr'>Qudd</span> <span class='ocrx_word' id='word_1_68' title='bbox 1487 1011 1512 1088; x_wconf 86' lang='lat' dir='ltr'>st</span> <span class='ocrx_word' id='word_1_69' title='bbox 1537 1031 1647 1090; x_wconf 85' lang='lat' dir='ltr'>autem</span> <span class='ocrx_word' id='word_1_70' title='bbox 1674 1015 1719 1090; x_wconf 89' lang='lat' dir='ltr'>ad</span> <span class='ocrx_word' id='word_1_71' title='bbox 1743 1017 1801 1092; x_wconf 87' lang='lat' dir='ltr'>has</span> <span class='ocrx_word' id='word_1_72' title='bbox 1825 1019 1982 1106; x_wconf 80' lang='lat' dir='ltr'>observa-</span> 
     </span>
     <span class='ocr_line' id='line_1_9' title="bbox 598 1108 2064 1208; baseline 0.004 -24"><span class='ocrx_word' id='word_1_73' title='bbox 598 1111 708 1188; x_wconf 81' lang='lat' dir='ltr'>tiones</span> <span class='ocrx_word' id='word_1_74' title='bbox 726 1129 856 1206; x_wconf 91' lang='lat' dir='ltr'>tempus</span> <span class='ocrx_word' id='word_1_75' title='bbox 881 1109 994 1186; x_wconf 85' lang='lat' dir='ltr'>lunare</span> <span class='ocrx_word' id='word_1_76' title='bbox 1020 1115 1039 1184; x_wconf 77' lang='grc' dir='ltr'>ὲ</span> <span class='ocrx_word' id='word_1_77' title='bbox 1062 1113 1198 1190; x_wconf 84' lang='lat' dir='ltr'>tranfitu</span> <span class='ocrx_word' id='word_1_78' title='bbox 1220 1109 1325 1186; x_wconf 77' lang='lat' dir='ltr'>Lunae</span> <span class='ocrx_word' id='word_1_79' title='bbox 1339 1108 1627 1204; x_wconf 88' lang='lat' dir='ltr'>permeridianum</span> <span class='ocrx_word' id='word_1_80' title='bbox 1641 1115 1899 1208; x_wconf 88' lang='lat' dir='ltr'>computandum</span> <span class='ocrx_word' id='word_1_81' title='bbox 1920 1117 1983 1190; x_wconf 87' lang='lat' dir='ltr'>ad·</span> <span class='ocrx_word' id='word_1_82' title='bbox 2056 1167 2064 1180; x_wconf 83' lang='lat'><strong>·</strong></span> 
     </span>
     <span class='ocr_line' id='line_1_10' title="bbox 598 1206 1982 1307; baseline 0.001 -24"><span class='ocrx_word' id='word_1_83' title='bbox 598 1211 771 1293; x_wconf 89' lang='lat' dir='ltr'>hibeatur,</span> <span class='ocrx_word' id='word_1_84' title='bbox 797 1209 1052 1305; x_wconf 83' lang='lat' dir='ltr'>irregularitates</span> <span class='ocrx_word' id='word_1_85' title='bbox 1079 1225 1276 1307; x_wconf 76' lang='lat' dir='ltr'>apparentes</span> <span class='ocrx_word' id='word_1_86' title='bbox 1303 1206 1478 1284; x_wconf 78' lang='lat' dir='ltr'><strong>maximam</strong></span> <span class='ocrx_word' id='word_1_87' title='bbox 1506 1226 1632 1300; x_wconf 86' lang='lat' dir='ltr'>partem</span> <span class='ocrx_word' id='word_1_88' title='bbox 1655 1210 1877 1292; x_wconf 83' lang='lat' dir='ltr'>evanescent,</span> <span class='ocrx_word' id='word_1_89' title='bbox 1914 1214 1982 1290; x_wconf 86' lang='lat' dir='ltr'>hoc</span> 
     </span>
     <span class='ocr_line' id='line_1_11' title="bbox 582 1303 1984 1418; baseline 0 -33"><span class='ocrx_word' id='word_1_90' title='bbox 582 1307 682 1385; x_wconf 78' lang='lat' dir='ltr'>veris</span> <span class='ocrx_word' id='word_1_91' title='bbox 703 1307 931 1402; x_wconf 79' lang='lat' dir='ltr'>multomagis</span> <span class='ocrx_word' id='word_1_92' title='bbox 951 1308 985 1381; x_wconf 92' lang='lat' dir='ltr'>in</span> <span class='ocrx_word' id='word_1_93' title='bbox 1009 1307 1164 1384; x_wconf 86' lang='lat' dir='ltr'>fluxubus</span> <span class='ocrx_word' id='word_1_94' title='bbox 1178 1307 1265 1382; x_wconf 87' lang='lat' dir='ltr'>circa</span> <span class='ocrx_word' id='word_1_95' title='bbox 1286 1303 1438 1402; x_wconf 85' lang='lat' dir='ltr'>syzygias</span> <span class='ocrx_word' id='word_1_96' title='bbox 1463 1311 1560 1418; x_wconf 75' lang='lat' dir='ltr'>quam</span> <span class='ocrx_word' id='word_1_97' title='bbox 1582 1307 1815 1402; x_wconf 86' lang='lat' dir='ltr'>quadraturas:</span> <span class='ocrx_word' id='word_1_98' title='bbox 1840 1308 1873 1380; x_wconf 89' lang='lat' dir='ltr'>in</span> <span class='ocrx_word' id='word_1_99' title='bbox 1900 1334 1984 1406; x_wconf 86' lang='lat' dir='ltr'>qua·</span> 
     </span>
     <span class='ocr_line' id='line_1_12' title="bbox 598 1401 1983 1500; baseline 0.001 -21"><span class='ocrx_word' id='word_1_100' title='bbox 598 1405 738 1482; x_wconf 85' lang='lat' dir='ltr'>draturis</span> <span class='ocrx_word' id='word_1_101' title='bbox 759 1406 847 1478; x_wconf 89' lang='lat' dir='ltr'>enim</span> <span class='ocrx_word' id='word_1_102' title='bbox 870 1404 1050 1500; x_wconf 82' lang='lat' dir='ltr'>quoniam,</span> <span class='ocrx_word' id='word_1_103' title='bbox 1075 1408 1154 1482; x_wconf 90' lang='lat' dir='ltr'>dum</span> <span class='ocrx_word' id='word_1_104' title='bbox 1175 1403 1340 1499; x_wconf 87' lang='lat' dir='ltr'>Luuaper</span> <span class='ocrx_word' id='word_1_105' title='bbox 1365 1401 1581 1478; x_wconf 77' lang='lat' dir='ltr'>meridianum</span> <span class='ocrx_word' id='word_1_106' title='bbox 1598 1403 1733 1486; x_wconf 79' lang='lat' dir='ltr'>transrt,</span> <span class='ocrx_word' id='word_1_107' title='bbox 1754 1402 1891 1480; x_wconf 88' lang='lat' dir='ltr'>Solnun</span> <span class='ocrx_word' id='word_1_108' title='bbox 1904 1407 1983 1480; x_wconf 89' lang='lat' dir='ltr'>sem·</span> 
     </span>
     <span class='ocr_line' id='line_1_13' title="bbox 596 1499 1984 1596; baseline -0.001 -19"><span class='ocrx_word' id='word_1_109' title='bbox 596 1519 657 1596; x_wconf 91' lang='lat' dir='ltr'>per</span> <span class='ocrx_word' id='word_1_110' title='bbox 684 1502 717 1573; x_wconf 92' lang='lat' dir='ltr'>in</span> <span class='ocrx_word' id='word_1_111' title='bbox 744 1502 921 1581; x_wconf 87' lang='lat' dir='ltr'>horizonte</span> <span class='ocrx_word' id='word_1_112' title='bbox 946 1502 1117 1586; x_wconf 88' lang='lat' dir='ltr'>versatur,</span> <span class='ocrx_word' id='word_1_113' title='bbox 1152 1504 1209 1580; x_wconf 86' lang='lat' dir='ltr'>sed</span> <span class='ocrx_word' id='word_1_114' title='bbox 1231 1501 1288 1578; x_wconf 91' lang='lat' dir='ltr'>vel</span> <span class='ocrx_word' id='word_1_115' title='bbox 1307 1501 1350 1576; x_wconf 85' lang='lat' dir='ltr'>ad</span> <span class='ocrx_word' id='word_1_116' title='bbox 1369 1499 1581 1577; x_wconf 75' lang='lat' dir='ltr'>horizontem</span> <span class='ocrx_word' id='word_1_117' title='bbox 1607 1502 1740 1574; x_wconf 89' lang='lat' dir='ltr'>demum</span> <span class='ocrx_word' id='word_1_118' title='bbox 1771 1501 1902 1578; x_wconf 82' lang='lat' dir='ltr'>accedit</span> <span class='ocrx_word' id='word_1_119' title='bbox 1926 1501 1984 1581; x_wconf 91' lang='lat' dir='ltr'>vel</span> 
     </span>
     <span class='ocr_line' id='line_1_14' title="bbox 593 1593 1983 1691; baseline 0.003 -21"><span class='ocrx_word' id='word_1_120' title='bbox 593 1599 659 1691; x_wconf 82' lang='lat' dir='ltr'>jam</span> <span class='ocrx_word' id='word_1_121' title='bbox 683 1599 725 1671; x_wconf 86' lang='lat' dir='ltr'>ab</span> <span class='ocrx_word' id='word_1_122' title='bbox 750 1623 792 1672; x_wconf 86' lang='lat' dir='ltr'>eo</span> <span class='ocrx_word' id='word_1_123' title='bbox 816 1597 966 1680; x_wconf 88' lang='lat' dir='ltr'>recedit,</span> <span class='ocrx_word' id='word_1_124' title='bbox 992 1599 1120 1679; x_wconf 78' lang='lat' dir='ltr'>necesse</span> <span class='ocrx_word' id='word_1_125' title='bbox 1148 1601 1246 1676; x_wconf 86' lang='lat' dir='ltr'>estut</span> <span class='ocrx_word' id='word_1_126' title='bbox 1273 1596 1329 1670; x_wconf 91' lang='lat' dir='ltr'>illo</span> <span class='ocrx_word' id='word_1_127' title='bbox 1343 1596 1417 1672; x_wconf 88' lang='lat' dir='ltr'>casu</span> <span class='ocrx_word' id='word_1_128' title='bbox 1438 1593 1563 1672; x_wconf 88' lang='lat' dir='ltr'>Fiuxus</span> <span class='ocrx_word' id='word_1_129' title='bbox 1584 1597 1702 1676; x_wconf 86' lang='lat' dir='ltr'>citihs,</span> <span class='ocrx_word' id='word_1_130' title='bbox 1727 1599 1793 1672; x_wconf 92' lang='lat' dir='ltr'>hoc</span> <span class='ocrx_word' id='word_1_131' title='bbox 1815 1596 1896 1676; x_wconf 84' lang='lat' dir='ltr'>verd</span> <span class='ocrx_word' id='word_1_132' title='bbox 1910 1617 1983 1674; x_wconf 88' lang='lat' dir='ltr'>tar·-</span> 
     </span>
     <span class='ocr_line' id='line_1_15' title="bbox 594 1692 1986 1796; baseline 0.003 -28"><span class='ocrx_word' id='word_1_133' title='bbox 594 1693 670 1770; x_wconf 82' lang='lat' dir='ltr'>dids</span> <span class='ocrx_word' id='word_1_134' title='bbox 696 1697 901 1794; x_wconf 86' lang='lat' dir='ltr'>contingat:</span> <span class='ocrx_word' id='word_1_135' title='bbox 928 1701 1023 1796; x_wconf 90' lang='lat' dir='ltr'>quod</span> <span class='ocrx_word' id='word_1_136' title='bbox 1045 1697 1219 1774; x_wconf 83' lang='lat' dir='ltr'>discrimen</span> <span class='ocrx_word' id='word_1_137' title='bbox 1232 1692 1307 1770; x_wconf 78' lang='lat' dir='ltr'>edm</span> <span class='ocrx_word' id='word_1_138' title='bbox 1323 1693 1439 1788; x_wconf 88' lang='lat' dir='ltr'>partim</span> <span class='ocrx_word' id='word_1_139' title='bbox 1454 1699 1497 1768; x_wconf 89' lang='lat' dir='ltr'>ab</span> <span class='ocrx_word' id='word_1_140' title='bbox 1510 1694 1697 1772; x_wconf 79' lang='lat' dir='ltr'>elevatione</span> <span class='ocrx_word' id='word_1_141' title='bbox 1722 1694 1804 1788; x_wconf 82' lang='lat' dir='ltr'>poli,</span> <span class='ocrx_word' id='word_1_142' title='bbox 1818 1695 1935 1792; x_wconf 88' lang='lat' dir='ltr'>partim</span> <span class='ocrx_word' id='word_1_143' title='bbox 1959 1701 1986 1772; x_wconf 69' lang='lat' dir='ltr'>h</span> 
     </span>
     <span class='ocr_line' id='line_1_16' title="bbox 594 1789 1982 1893; baseline -0.011 -23"><span class='ocrx_word' id='word_1_144' title='bbox 594 1795 818 1870; x_wconf 85' lang='lat' dir='ltr'>declinatione</span> <span class='ocrx_word' id='word_1_145' title='bbox 844 1792 1049 1872; x_wconf 86' lang='lat' dir='ltr'>luminarium</span> <span class='ocrx_word' id='word_1_146' title='bbox 1071 1798 1237 1893; x_wconf 79' lang='lat' dir='ltr'>pendeat,</span> <span class='ocrx_word' id='word_1_147' title='bbox 1261 1807 1430 1869; x_wconf 88' lang='lat' dir='ltr'>momenta</span> <span class='ocrx_word' id='word_1_148' title='bbox 1455 1789 1619 1866; x_wconf 82' lang='lat' dir='ltr'>Fluvuum</span> <span class='ocrx_word' id='word_1_149' title='bbox 1643 1791 1676 1865; x_wconf 90' lang='lat' dir='ltr'>in</span> <span class='ocrx_word' id='word_1_150' title='bbox 1689 1795 1892 1889; x_wconf 86' lang='lat' dir='ltr'>quadraturis</span> <span class='ocrx_word' id='word_1_151' title='bbox 1914 1820 1982 1872; x_wconf 87' lang='lat' dir='ltr'>ma.</span> 
     </span>
     <span class='ocr_line' id='line_1_17' title="bbox 595 1886 1983 1988; baseline 0.002 -23"><span class='ocrx_word' id='word_1_152' title='bbox 595 1894 650 1988; x_wconf 78' lang='lat' dir='ltr'>gis</span> <span class='ocrx_word' id='word_1_153' title='bbox 676 1891 867 1986; x_wconf 82' lang='lat' dir='ltr'>irregularia</span> <span class='ocrx_word' id='word_1_154' title='bbox 889 1893 1018 1968; x_wconf 89' lang='lat' dir='ltr'>reddit:</span> <span class='ocrx_word' id='word_1_155' title='bbox 1046 1891 1176 1967; x_wconf 88' lang='lat' dir='ltr'>interim</span> <span class='ocrx_word' id='word_1_156' title='bbox 1194 1907 1304 1964; x_wconf 86' lang='lat' dir='ltr'>tamen</span> <span class='ocrx_word' id='word_1_157' title='bbox 1328 1889 1442 1962; x_wconf 75' lang='lat' dir='ltr'>habita</span> <span class='ocrx_word' id='word_1_158' title='bbox 1466 1891 1579 1964; x_wconf 83' lang='lat' dir='ltr'>harum</span> <span class='ocrx_word' id='word_1_159' title='bbox 1595 1886 1909 1966; x_wconf 75' lang='lat' dir='ltr'>circumstantiarum</span> <span class='ocrx_word' id='word_1_160' title='bbox 1930 1917 1983 1968; x_wconf 90' lang='lat' dir='ltr'>ra·</span> 
     </span>
     <span class='ocr_line' id='line_1_18' title="bbox 595 1983 1982 2088; baseline 0 -26"><span class='ocrx_word' id='word_1_161' title='bbox 595 1991 687 2063; x_wconf 89' lang='lat' dir='ltr'>tione</span> <span class='ocrx_word' id='word_1_162' title='bbox 716 1989 791 2064; x_wconf 89' lang='lat' dir='ltr'>satis</span> <span class='ocrx_word' id='word_1_163' title='bbox 811 1992 915 2087; x_wconf 80' lang='lat' dir='ltr'>propi</span> <span class='ocrx_word' id='word_1_164' title='bbox 944 1989 1073 2064; x_wconf 87' lang='lat' dir='ltr'>definiri</span> <span class='ocrx_word' id='word_1_165' title='bbox 1101 1990 1218 2084; x_wconf 87' lang='lat' dir='ltr'>potest.</span> <span class='ocrx_word' id='word_1_166' title='bbox 1269 1983 1371 2059; x_wconf 85' lang='lat' dir='ltr'>Circa</span> <span class='ocrx_word' id='word_1_167' title='bbox 1394 2003 1550 2080; x_wconf 89' lang='lat' dir='ltr'>tempora</span> <span class='ocrx_word' id='word_1_168' title='bbox 1573 1983 1738 2062; x_wconf 87' lang='lat' dir='ltr'>Fluxuum</span> <span class='ocrx_word' id='word_1_169' title='bbox 1759 2005 1894 2072; x_wconf 88' lang='lat' dir='ltr'>autem,</span> <span class='ocrx_word' id='word_1_170' title='bbox 1923 1988 1982 2088; x_wconf 88' lang='lat' dir='ltr'>qui</span> 
     </span>
     <span class='ocr_line' id='line_1_19' title="bbox 595 2081 1983 2180; baseline 0.001 -21"><span class='ocrx_word' id='word_1_171' title='bbox 595 2085 629 2160; x_wconf 91' lang='lat' dir='ltr'>in</span> <span class='ocrx_word' id='word_1_172' title='bbox 653 2083 829 2164; x_wconf 88' lang='lat' dir='ltr'>noviluniis</span> <span class='ocrx_word' id='word_1_173' title='bbox 854 2109 893 2162; x_wconf 89' lang='lat' dir='ltr'>ac</span> <span class='ocrx_word' id='word_1_174' title='bbox 912 2085 1095 2180; x_wconf 90' lang='lat' dir='ltr'>pleniluniis</span> <span class='ocrx_word' id='word_1_175' title='bbox 1118 2085 1288 2165; x_wconf 88' lang='lat' dir='ltr'>incidunt,</span> <span class='ocrx_word' id='word_1_176' title='bbox 1315 2081 1388 2158; x_wconf 76' lang='lat' dir='ltr'>haec</span> <span class='ocrx_word' id='word_1_177' title='bbox 1413 2083 1478 2158; x_wconf 85' lang='lat' dir='ltr'>sola</span> <span class='ocrx_word' id='word_1_178' title='bbox 1499 2083 1665 2160; x_wconf 70' lang='lat' dir='ltr'>corredio</span> <span class='ocrx_word' id='word_1_179' title='bbox 1687 2083 1743 2157; x_wconf 87' lang='lat' dir='ltr'>seu</span> <span class='ocrx_word' id='word_1_180' title='bbox 1758 2085 1911 2164; x_wconf 70' lang='lat' dir='ltr'>redusiio</span> <span class='ocrx_word' id='word_1_181' title='bbox 1937 2087 1983 2162; x_wconf 90' lang='lat' dir='ltr'>ad</span> 
     </span>
     <span class='ocr_line' id='line_1_20' title="bbox 595 2175 1982 2282; baseline 0.001 -26"><span class='ocrx_word' id='word_1_182' title='bbox 595 2185 763 2258; x_wconf 78' lang='lat' dir='ltr'>transitum</span> <span class='ocrx_word' id='word_1_183' title='bbox 787 2181 891 2260; x_wconf 79' lang='lat' dir='ltr'>Lunce</span> <span class='ocrx_word' id='word_1_184' title='bbox 907 2207 965 2282; x_wconf 74' lang='lat' dir='ltr'>per</span> <span class='ocrx_word' id='word_1_185' title='bbox 991 2179 1208 2257; x_wconf 89' lang='lat' dir='ltr'>meridianum</span> <span class='ocrx_word' id='word_1_186' title='bbox 1230 2201 1363 2252; x_wconf 87' lang='lat' dir='ltr'>omnem</span> <span class='ocrx_word' id='word_1_187' title='bbox 1386 2175 1455 2254; x_wconf 65' lang='lat' dir='ltr'>leri</span> <span class='ocrx_word' id='word_1_188' title='bbox 1479 2182 1676 2256; x_wconf 82' lang='lat' dir='ltr'>anomaliam</span> <span class='ocrx_word' id='word_1_189' title='bbox 1692 2179 1804 2262; x_wconf 87' lang='lat' dir='ltr'>tollit,</span> <span class='ocrx_word' id='word_1_190' title='bbox 1830 2183 1982 2280; x_wconf 83' lang='lat' dir='ltr'>quorsum</span> 
     </span>
     <span class='ocr_line' id='line_1_21' title="bbox 594 2276 1984 2376; baseline 0 -22"><span class='ocrx_word' id='word_1_191' title='bbox 594 2277 726 2375; x_wconf 72' lang='lat' dir='ltr'>spedas</span> <span class='ocrx_word' id='word_1_192' title='bbox 740 2280 858 2376; x_wconf 83' lang='lat' dir='ltr'>regula</span> <span class='ocrx_word' id='word_1_193' title='bbox 882 2279 1020 2355; x_wconf 79' lang='lat' dir='ltr'>hceleb.</span> <span class='ocrx_word' id='word_1_194' title='bbox 1050 2276 1166 2371; x_wconf 84' lang='lat' dir='ltr'>Cuffino</span> <span class='ocrx_word' id='word_1_195' title='bbox 1182 2281 1216 2352; x_wconf 91' lang='lat' dir='ltr'>in</span> <span class='ocrx_word' id='word_1_196' title='bbox 1233 2279 1341 2352; x_wconf 85' lang='lat' dir='ltr'>Mem.</span> <span class='ocrx_word' id='word_1_197' title='bbox 1365 2279 1630 2373; x_wconf 63' lang='lat' dir='ltr'>,1710.tradita,</span> <span class='ocrx_word' id='word_1_198' title='bbox 1656 2283 1722 2376; x_wconf 75' lang='lat' dir='ltr'>qua</span> <span class='ocrx_word' id='word_1_199' title='bbox 1747 2305 1809 2376; x_wconf 89' lang='lat' dir='ltr'>pro</span> <span class='ocrx_word' id='word_1_200' title='bbox 1839 2280 1984 2356; x_wconf 89' lang='lat' dir='ltr'>totidem</span> 
     </span>
     <span class='ocr_line' id='line_1_22' title="bbox 511 2374 1984 2476; baseline -0.002 -25"><span class='ocrx_word' id='word_1_201' title='bbox 511 2381 524 2400; x_wconf 62' lang='lat'><strong>⁸</strong></span> <span class='ocrx_word' id='word_1_202' title='bbox 594 2377 686 2452; x_wconf 90' lang='lat' dir='ltr'>horis</span> <span class='ocrx_word' id='word_1_203' title='bbox 709 2416 721 2457; x_wconf 76' lang='lat' dir='ltr'>r</span> <span class='ocrx_word' id='word_1_204' title='bbox 760 2382 878 2476; x_wconf 86' lang='lat' dir='ltr'>quibus</span> <span class='ocrx_word' id='word_1_205' title='bbox 899 2377 1113 2474; x_wconf 87' lang='lat' dir='ltr'>plenilunium</span> <span class='ocrx_word' id='word_1_206' title='bbox 1144 2377 1199 2451; x_wconf 91' lang='lat' dir='ltr'>seu</span> <span class='ocrx_word' id='word_1_207' title='bbox 1228 2375 1431 2450; x_wconf 89' lang='lat' dir='ltr'>novilunium</span> <span class='ocrx_word' id='word_1_208' title='bbox 1449 2374 1502 2449; x_wconf 89' lang='lat' dir='ltr'>vel</span> <span class='ocrx_word' id='word_1_209' title='bbox 1528 2396 1604 2450; x_wconf 90' lang='lat' dir='ltr'>ante</span> <span class='ocrx_word' id='word_1_210' title='bbox 1629 2377 1802 2452; x_wconf 87' lang='lat' dir='ltr'>meridiem</span> <span class='ocrx_word' id='word_1_211' title='bbox 1829 2379 1885 2454; x_wconf 90' lang='lat' dir='ltr'>vel</span> <span class='ocrx_word' id='word_1_212' title='bbox 1908 2377 1984 2474; x_wconf 88' lang='lat' dir='ltr'>poll</span> 
     </span>
     <span class='ocr_line' id='line_1_23' title="bbox 594 2469 1983 2566; baseline -0.001 -18"><span class='ocrx_word' id='word_1_213' title='bbox 594 2469 736 2560; x_wconf 75' lang='lat' dir='ltr'>incidit,</span> <span class='ocrx_word' id='word_1_214' title='bbox 759 2479 897 2552; x_wconf 80' lang='lat' dir='ltr'>totidem</span> <span class='ocrx_word' id='word_1_215' title='bbox 926 2474 1005 2550; x_wconf 92' lang='lat' dir='ltr'>bina</span> <span class='ocrx_word' id='word_1_216' title='bbox 1031 2474 1154 2548; x_wconf 87' lang='lat' dir='ltr'>minuta</span> <span class='ocrx_word' id='word_1_217' title='bbox 1180 2475 1223 2548; x_wconf 89' lang='lat' dir='ltr'>ad</span> <span class='ocrx_word' id='word_1_218' title='bbox 1248 2489 1377 2566; x_wconf 88' lang='lat' dir='ltr'>tempus</span> <span class='ocrx_word' id='word_1_219' title='bbox 1397 2471 1519 2546; x_wconf 81' lang='lat' dir='ltr'>Fluxris</span> <span class='ocrx_word' id='word_1_220' title='bbox 1534 2472 1679 2547; x_wconf 89' lang='lat' dir='ltr'>medium</span> <span class='ocrx_word' id='word_1_221' title='bbox 1699 2475 1755 2551; x_wconf 90' lang='lat' dir='ltr'>vel</span> <span class='ocrx_word' id='word_1_222' title='bbox 1778 2476 1902 2551; x_wconf 87' lang='lat' dir='ltr'>addere</span> <span class='ocrx_word' id='word_1_223' title='bbox 1924 2473 1983 2550; x_wconf 88' lang='lat' dir='ltr'>vel</span> 
     </span>
     <span class='ocr_line' id='line_1_24' title="bbox 595 2569 1980 2668; baseline 0.001 -24"><span class='ocrx_word' id='word_1_224' title='bbox 595 2573 638 2646; x_wconf 89' lang='lat' dir='ltr'>ab</span> <span class='ocrx_word' id='word_1_225' title='bbox 667 2597 710 2648; x_wconf 89' lang='lat' dir='ltr'>eo</span> <span class='ocrx_word' id='word_1_226' title='bbox 731 2573 919 2650; x_wconf 84' lang='lat' dir='ltr'>subtrahere</span> <span class='ocrx_word' id='word_1_227' title='bbox 933 2573 1047 2665; x_wconf 80' lang='lat' dir='ltr'>jubet,</span> <span class='ocrx_word' id='word_1_228' title='bbox 1075 2571 1195 2667; x_wconf 89' lang='lat' dir='ltr'>quippe</span> <span class='ocrx_word' id='word_1_229' title='bbox 1210 2596 1285 2668; x_wconf 86' lang='lat' dir='ltr'>quae</span> <span class='ocrx_word' id='word_1_230' title='bbox 1308 2591 1353 2646; x_wconf 86' lang='lat' dir='ltr'>ex</span> <span class='ocrx_word' id='word_1_231' title='bbox 1368 2587 1462 2646; x_wconf 91' lang='lat' dir='ltr'>motu</span> <span class='ocrx_word' id='word_1_232' title='bbox 1485 2569 1590 2644; x_wconf 79' lang='lat' dir='ltr'>Lunae</span> <span class='ocrx_word' id='word_1_233' title='bbox 1615 2569 1663 2644; x_wconf 83' lang='lat' dir='ltr'>esi</span> <span class='ocrx_word' id='word_1_234' title='bbox 1683 2573 1793 2668; x_wconf 85' lang='lat' dir='ltr'>potita.</span> <span class='ocrx_word' id='word_1_235' title='bbox 1843 2571 1980 2646; x_wconf 87' lang='lat' dir='ltr'>lnterim</span> 
     </span>
     <span class='ocr_line' id='line_1_25' title="bbox 595 2665 1986 2768; baseline 0 -24"><span class='ocrx_word' id='word_1_236' title='bbox 595 2686 707 2745; x_wconf 86' lang='lat' dir='ltr'>tamen</span> <span class='ocrx_word' id='word_1_237' title='bbox 728 2671 790 2747; x_wconf 74' lang='lat' dir='ltr'>hac</span> <span class='ocrx_word' id='word_1_238' title='bbox 816 2670 1027 2747; x_wconf 69' lang='lat' dir='ltr'>correctione</span> <span class='ocrx_word' id='word_1_239' title='bbox 1056 2667 1203 2746; x_wconf 66' lang='lat' dir='ltr'>adhibita</span> <span class='ocrx_word' id='word_1_240' title='bbox 1216 2667 1324 2764; x_wconf 87' lang='lat' dir='ltr'>aliqua</span> <span class='ocrx_word' id='word_1_241' title='bbox 1340 2667 1504 2744; x_wconf 90' lang='lat' dir='ltr'>anomalia</span> <span class='ocrx_word' id='word_1_242' title='bbox 1528 2665 1682 2764; x_wconf 74' lang='lat' dir='ltr'>superesse</span> <span class='ocrx_word' id='word_1_243' title='bbox 1696 2669 1986 2768; x_wconf 84' lang='lat' dir='ltr'>deprehenditur,</span> 
     </span>
     <span class='ocr_line' id='line_1_26' title="bbox 594 2763 1981 2865; baseline 0.001 -23"><span class='ocrx_word' id='word_1_244' title='bbox 594 2769 690 2862; x_wconf 42' lang='lat' dir='ltr'>cujusw</span> <span class='ocrx_word' id='word_1_245' title='bbox 710 2787 820 2844; x_wconf 86' lang='lat' dir='ltr'>autem</span> <span class='ocrx_word' id='word_1_246' title='bbox 841 2767 926 2844; x_wconf 87' lang='lat' dir='ltr'>ratio</span> <span class='ocrx_word' id='word_1_247' title='bbox 951 2791 995 2844; x_wconf 87' lang='lat' dir='ltr'>ex</span> <span class='ocrx_word' id='word_1_248' title='bbox 1017 2767 1129 2844; x_wconf 77' lang='lat' dir='ltr'>noslrh</span> <span class='ocrx_word' id='word_1_249' title='bbox 1149 2763 1280 2840; x_wconf 72' lang='lat' dir='ltr'>theoria</span> <span class='ocrx_word' id='word_1_250' title='bbox 1302 2764 1419 2858; x_wconf 89' lang='lat' dir='ltr'>sponte</span> <span class='ocrx_word' id='word_1_251' title='bbox 1441 2767 1609 2864; x_wconf 86' lang='lat' dir='ltr'>sequitur.·</span> <span class='ocrx_word' id='word_1_252' title='bbox 1635 2764 1782 2858; x_wconf 88' lang='lat' dir='ltr'>Quando</span> <span class='ocrx_word' id='word_1_253' title='bbox 1808 2769 1895 2844; x_wconf 86' lang='lat' dir='ltr'>enirn</span> <span class='ocrx_word' id='word_1_254' title='bbox 1922 2767 1981 2865; x_wconf 83' lang='lat' dir='ltr'>sy·</span> 
     </span>
     <span class='ocr_line' id='line_1_27' title="bbox 594 2861 1980 2962; baseline 0.001 -23"><span class='ocrx_word' id='word_1_255' title='bbox 594 2866 699 2962; x_wconf 80' lang='lat' dir='ltr'>zygia</span> <span class='ocrx_word' id='word_1_256' title='bbox 723 2884 799 2942; x_wconf 88' lang='lat' dir='ltr'>ante</span> <span class='ocrx_word' id='word_1_257' title='bbox 822 2865 996 2940; x_wconf 90' lang='lat' dir='ltr'>meridiem</span> <span class='ocrx_word' id='word_1_258' title='bbox 1021 2866 1234 2940; x_wconf 85' lang='lat' dir='ltr'>celebratur,</span> <span class='ocrx_word' id='word_1_259' title='bbox 1256 2879 1326 2936; x_wconf 92' lang='lat' dir='ltr'>tum</span> <span class='ocrx_word' id='word_1_260' title='bbox 1342 2861 1823 2958; x_wconf 70' lang='lat' dir='ltr'>dum&#39;Lunapermeridianum</span> <span class='ocrx_word' id='word_1_261' title='bbox 1844 2865 1980 2943; x_wconf 82' lang='lat' dir='ltr'>transit,</span> 
     </span>
     <span class='ocr_line' id='line_1_28' title="bbox 595 2957 2112 3060; baseline -0.001 -22"><span class='ocrx_word' id='word_1_262' title='bbox 595 2961 652 3038; x_wconf 88' lang='lat' dir='ltr'>Sol</span> <span class='ocrx_word' id='word_1_263' title='bbox 670 2967 733 3052; x_wconf 80' lang='lat' dir='ltr'>iam</span> <span class='ocrx_word' id='word_1_264' title='bbox 751 2981 828 3036; x_wconf 89' lang='lat' dir='ltr'>ame</span> <span class='ocrx_word' id='word_1_265' title='bbox 854 2983 930 3035; x_wconf 89' lang='lat' dir='ltr'>enm</span> <span class='ocrx_word' id='word_1_266' title='bbox 954 2961 1004 3036; x_wconf 86' lang='lat' dir='ltr'>est</span> <span class='ocrx_word' id='word_1_267' title='bbox 1028 2957 1262 3057; x_wconf 81' lang='lat' dir='ltr'>transgressus,</span> <span class='ocrx_word' id='word_1_268' title='bbox 1288 2974 1387 3054; x_wconf 90' lang='lat' dir='ltr'>atque</span> <span class='ocrx_word' id='word_1_269' title='bbox 1412 2959 1491 3034; x_wconf 91' lang='lat' dir='ltr'>ideo</span> <span class='ocrx_word' id='word_1_270' title='bbox 1514 2962 1580 3054; x_wconf 88' lang='lat' dir='ltr'>jam</span> <span class='ocrx_word' id='word_1_271' title='bbox 1603 2962 1770 3038; x_wconf 87' lang='lat' dir='ltr'>horizonti</span> <span class='ocrx_word' id='word_1_272' title='bbox 1798 2961 1980 3060; x_wconf 88' lang='lat' dir='ltr'>appmpin·</span> <span class='ocrx_word' id='word_1_273' title='bbox 2109 3049 2112 3054; x_wconf 66' lang='lat'>,</span> 
     </span>
     <span class='ocr_line' id='line_1_29' title="bbox 510 3053 1981 3158; baseline 0.003 -26"><span class='ocrx_word' id='word_1_274' title='bbox 510 3153 511 3156; x_wconf 7' lang='lat' dir='ltr'>p</span> <span class='ocrx_word' id='word_1_275' title='bbox 620 3077 701 3138; x_wconf 87' lang='lat' dir='ltr'>uat,</span> <span class='ocrx_word' id='word_1_276' title='bbox 728 3084 772 3135; x_wconf 81' lang='lat' dir='ltr'>ex</span> <span class='ocrx_word' id='word_1_277' title='bbox 794 3081 862 3155; x_wconf 88' lang='lat' dir='ltr'>quo</span> <span class='ocrx_word' id='word_1_278' title='bbox 888 3055 1018 3132; x_wconf 86' lang='lat' dir='ltr'>necesse</span> <span class='ocrx_word' id='word_1_279' title='bbox 1044 3059 1143 3134; x_wconf 86' lang='lat' dir='ltr'>estut</span> <span class='ocrx_word' id='word_1_280' title='bbox 1162 3053 1394 3133; x_wconf 85' lang='lat' dir='ltr'>Fluxuscitihs</span> <span class='ocrx_word' id='word_1_281' title='bbox 1418 3060 1579 3140; x_wconf 83' lang='lat' dir='ltr'>eveniat,</span> <span class='ocrx_word' id='word_1_282' title='bbox 1609 3063 1706 3154; x_wconf 71' lang='lat' dir='ltr'>quam</span> <span class='ocrx_word' id='word_1_283' title='bbox 1733 3061 1839 3158; x_wconf 88' lang='lat' dir='ltr'>prima</span> <span class='ocrx_word' id='word_1_284' title='bbox 1863 3061 1981 3153; x_wconf 81' lang='lat' dir='ltr'>regula</span> 
     </span>
     <span class='ocr_line' id='line_1_30' title="bbox 594 3083 1982 3254; baseline 0.002 -24"><span class='ocrx_word' id='word_1_285' title='bbox 594 3083 661 3234; x_wconf 72' lang='lat' dir='ltr'>iota</span> <span class='ocrx_word' id='word_1_286' title='bbox 687 3157 834 3234; x_wconf 88' lang='lat' dir='ltr'>adhibita</span> <span class='ocrx_word' id='word_1_287' title='bbox 861 3153 1000 3230; x_wconf 86' lang='lat' dir='ltr'>indicat.</span> <span class='ocrx_word' id='word_1_288' title='bbox 1052 3158 1163 3254; x_wconf 89' lang='lat' dir='ltr'>Atque</span> <span class='ocrx_word' id='word_1_289' title='bbox 1189 3155 1287 3230; x_wconf 89' lang='lat' dir='ltr'>etiam</span> <span class='ocrx_word' id='word_1_290' title='bbox 1312 3151 1401 3229; x_wconf 91' lang='lat' dir='ltr'>idern</span> <span class='ocrx_word' id='word_1_291' title='bbox 1427 3153 1462 3226; x_wconf 88' lang='lat' dir='ltr'>in</span> <span class='ocrx_word' id='word_1_292' title='bbox 1489 3153 1606 3229; x_wconf 88' lang='lat' dir='ltr'>tabulis</span> <span class='ocrx_word' id='word_1_293' title='bbox 1633 3153 1795 3232; x_wconf 84' lang='lat' dir='ltr'>Fluxuum</span> <span class='ocrx_word' id='word_1_294' title='bbox 1823 3156 1982 3233; x_wconf 82' lang='lat' dir='ltr'>Dunlrer·</span> 
     </span>
     <span class='ocr_line' id='line_1_31' title="bbox 597 3249 1982 3350; baseline -0.001 -22"><span class='ocrx_word' id='word_1_295' title='bbox 597 3259 724 3350; x_wconf 85' lang='lat' dir='ltr'>quae&amp;</span> <span class='ocrx_word' id='word_1_296' title='bbox 748 3253 783 3328; x_wconf 94' lang='lat' dir='ltr'>in</span> <span class='ocrx_word' id='word_1_297' title='bbox 808 3253 910 3330; x_wconf 90' lang='lat' dir='ltr'>Portu</span> <span class='ocrx_word' id='word_1_298' title='bbox 923 3251 1052 3329; x_wconf 81' lang='lat' dir='ltr'>Gratiae</span> <span class='ocrx_word' id='word_1_299' title='bbox 1073 3255 1345 3345; x_wconf 85' lang='lat' dir='ltr'>observatorum,</span> <span class='ocrx_word' id='word_1_300' title='bbox 1373 3249 1480 3324; x_wconf 88' lang='lat' dir='ltr'>Mem.</span> <span class='ocrx_word' id='word_1_301' title='bbox 1511 3272 1610 3344; x_wconf 79' lang='lat'>¹710.</span> <span class='ocrx_word' id='word_1_302' title='bbox 1631 3251 1780 3334; x_wconf 89' lang='lat' dir='ltr'>insertis,</span> <span class='ocrx_word' id='word_1_303' title='bbox 1806 3253 1982 3330; x_wconf 78' lang='lat' dir='ltr'>manifesto</span> 
     </span>
     <span class='ocr_line' id='line_1_32' title="bbox 600 3349 1981 3451; baseline -0.001 -25"><span class='ocrx_word' id='word_1_304' title='bbox 600 3351 822 3451; x_wconf 85' lang='lat' dir='ltr'>conspicitur:</span> <span class='ocrx_word' id='word_1_305' title='bbox 852 3353 986 3450; x_wconf 88' lang='lat' dir='ltr'>quando</span> <span class='ocrx_word' id='word_1_306' title='bbox 1012 3354 1100 3427; x_wconf 87' lang='lat' dir='ltr'>enim</span> <span class='ocrx_word' id='word_1_307' title='bbox 1114 3349 1317 3430; x_wconf 88' lang='lat' dir='ltr'>novilunium</span> <span class='ocrx_word' id='word_1_308' title='bbox 1341 3349 1597 3444; x_wconf 77' lang='lat' dir='ltr'>pleniluniumve</span> <span class='ocrx_word' id='word_1_309' title='bbox 1620 3349 1766 3445; x_wconf 84' lang='lat' dir='ltr'>pluribus</span> <span class='ocrx_word' id='word_1_310' title='bbox 1789 3351 1878 3430; x_wconf 86' lang='lat' dir='ltr'>horis</span> <span class='ocrx_word' id='word_1_311' title='bbox 1902 3369 1981 3426; x_wconf 91' lang='lat' dir='ltr'>ante</span> 
     </span>
     <span class='ocr_line' id='line_1_33' title="bbox 602 3445 2014 3548; baseline 0.004 -28"><span class='ocrx_word' id='word_1_312' title='bbox 602 3450 772 3524; x_wconf 84' lang='lat' dir='ltr'>meridiem</span> <span class='ocrx_word' id='word_1_313' title='bbox 790 3451 934 3530; x_wconf 73' lang='lat' dir='ltr'>accidit,</span> <span class='ocrx_word' id='word_1_314' title='bbox 959 3464 1027 3523; x_wconf 92' lang='lat' dir='ltr'>tum</span> <span class='ocrx_word' id='word_1_315' title='bbox 1044 3450 1168 3529; x_wconf 74' lang='lat' dir='ltr'>Florus</span> <span class='ocrx_word' id='word_1_316' title='bbox 1187 3445 1284 3524; x_wconf 82' lang='lat' dir='ltr'>citihs</span> <span class='ocrx_word' id='word_1_317' title='bbox 1303 3445 1470 3522; x_wconf 85' lang='lat' dir='ltr'>advenisse</span> <span class='ocrx_word' id='word_1_318' title='bbox 1495 3448 1712 3546; x_wconf 85' lang='lat' dir='ltr'>observatur,</span> <span class='ocrx_word' id='word_1_319' title='bbox 1745 3455 1846 3548; x_wconf 71' lang='lat' dir='ltr'>quam</span> <span class='ocrx_word' id='word_1_320' title='bbox 1872 3447 1982 3524; x_wconf 87' lang='lat' dir='ltr'>calcu·</span> <span class='ocrx_word' id='word_1_321' title='bbox 2013 3531 2014 3536; x_wconf 47' lang='lat'>,</span> 
     </span>
     <span class='ocr_line' id='line_1_34' title="bbox 602 3541 1983 3642; baseline 0.004 -27"><span class='ocrx_word' id='word_1_322' title='bbox 602 3545 651 3621; x_wconf 87' lang='lat' dir='ltr'>lus</span> <span class='ocrx_word' id='word_1_323' title='bbox 674 3545 874 3622; x_wconf 85' lang='lat' dir='ltr'>Caffinianus</span> <span class='ocrx_word' id='word_1_324' title='bbox 901 3547 1097 3642; x_wconf 81' lang='lat' dir='ltr'>indicabat3</span> <span class='ocrx_word' id='word_1_325' title='bbox 1134 3547 1250 3622; x_wconf 72' lang='lat' dir='ltr'>contri</span> <span class='ocrx_word' id='word_1_326' title='bbox 1272 3543 1355 3622; x_wconf 87' lang='lat' dir='ltr'>verd</span> <span class='ocrx_word' id='word_1_327' title='bbox 1378 3541 1500 3620; x_wconf 80' lang='lat' dir='ltr'>tardiirs</span> <span class='ocrx_word' id='word_1_328' title='bbox 1526 3543 1551 3616; x_wconf 88' lang='lat' dir='ltr'>fi</span> <span class='ocrx_word' id='word_1_329' title='bbox 1578 3545 1723 3642; x_wconf 84' lang='lat' dir='ltr'>syzygiae</span> <span class='ocrx_word' id='word_1_330' title='bbox 1750 3551 1885 3623; x_wconf 85' lang='lat' dir='ltr'>demum</span> <span class='ocrx_word' id='word_1_331' title='bbox 1912 3543 1983 3640; x_wconf 90' lang='lat' dir='ltr'>plu·</span> 
     </span>
     <span class='ocr_line' id='line_1_35' title="bbox 601 3639 1982 3739; baseline 0 -23"><span class='ocrx_word' id='word_1_332' title='bbox 601 3643 691 3720; x_wconf 89' lang='lat' dir='ltr'>ribus</span> <span class='ocrx_word' id='word_1_333' title='bbox 711 3641 799 3718; x_wconf 90' lang='lat' dir='ltr'>horis</span> <span class='ocrx_word' id='word_1_334' title='bbox 813 3643 886 3739; x_wconf 91' lang='lat' dir='ltr'>post</span> <span class='ocrx_word' id='word_1_335' title='bbox 901 3641 1071 3718; x_wconf 85' lang='lat' dir='ltr'>meridiem</span> <span class='ocrx_word' id='word_1_336' title='bbox 1096 3643 1298 3720; x_wconf 76' lang='lat' dir='ltr'>inciderint,</span> <span class='ocrx_word' id='word_1_337' title='bbox 1325 3643 1416 3734; x_wconf 79' lang='lat' dir='ltr'>cujus</span> <span class='ocrx_word' id='word_1_338' title='bbox 1430 3639 1562 3735; x_wconf 86' lang='lat' dir='ltr'>majoris</span> <span class='ocrx_word' id='word_1_339' title='bbox 1584 3643 1817 3719; x_wconf 80' lang='lat' dir='ltr'>retardationis</span> <span class='ocrx_word' id='word_1_340' title='bbox 1833 3641 1929 3720; x_wconf 88' lang='lat' dir='ltr'>causa</span> <span class='ocrx_word' id='word_1_341' title='bbox 1946 3641 1982 3715; x_wconf 93' lang='lat' dir='ltr'>in</span> 
     </span>
     <span class='ocr_line' id='line_1_36' title="bbox 602 3737 1610 3838; baseline 0 -26"><span class='ocrx_word' id='word_1_342' title='bbox 602 3741 681 3816; x_wconf 86' lang='lat' dir='ltr'>Sole</span> <span class='ocrx_word' id='word_1_343' title='bbox 696 3758 763 3817; x_wconf 90' lang='lat' dir='ltr'>tum</span> <span class='ocrx_word' id='word_1_344' title='bbox 778 3744 886 3816; x_wconf 87' lang='lat' dir='ltr'>adhuc</span> <span class='ocrx_word' id='word_1_345' title='bbox 900 3745 942 3816; x_wconf 88' lang='lat' dir='ltr'>ab</span> <span class='ocrx_word' id='word_1_346' title='bbox 956 3739 1132 3818; x_wconf 84' lang='lat' dir='ltr'>horizonte</span> <span class='ocrx_word' id='word_1_347' title='bbox 1147 3745 1325 3817; x_wconf 83' lang='lat' dir='ltr'>recedente</span> <span class='ocrx_word' id='word_1_348' title='bbox 1351 3737 1401 3812; x_wconf 85' lang='lat' dir='ltr'>est</span> <span class='ocrx_word' id='word_1_349' title='bbox 1421 3739 1610 3838; x_wconf 73' lang='lat' dir='ltr'>querenda.</span> 
     </span>
     <span class='ocr_line' id='line_1_37' title="bbox 650 3832 1979 3935; baseline -0.004 -21"><span class='ocrx_word' id='word_1_350' title='bbox 650 3843 680 3935; x_wconf 89' lang='lat'>§.</span> <span class='ocrx_word' id='word_1_351' title='bbox 719 3843 795 3914; x_wconf 77' lang='lat' dir='ltr'>rod.</span> <span class='ocrx_word' id='word_1_352' title='bbox 834 3839 1016 3935; x_wconf 87' lang='lat' dir='ltr'>Septimum</span> <span class='ocrx_word' id='word_1_353' title='bbox 1043 3841 1294 3915; x_wconf 85' lang='lat' dir='ltr'>Phaeoomenon</span> <span class='ocrx_word' id='word_1_354' title='bbox 1322 3838 1507 3932; x_wconf 87' lang='lat' dir='ltr'>suppeditat</span> <span class='ocrx_word' id='word_1_355' title='bbox 1533 3834 1662 3914; x_wconf 86' lang='lat' dir='ltr'>diversa</span> <span class='ocrx_word' id='word_1_356' title='bbox 1696 3837 1876 3915; x_wconf 89' lang='lat' dir='ltr'>retardatio</span> <span class='ocrx_word' id='word_1_357' title='bbox 1898 3832 1979 3910; x_wconf 88' lang='lat' dir='ltr'>Fiu-</span> 
     </span>
     <span class='ocr_line' id='line_1_38' title="bbox 601 3931 1977 4040; baseline -0.008 -24"><span class='ocrx_word' id='word_1_358' title='bbox 601 3963 701 4016; x_wconf 78' lang='lat' dir='ltr'>mrum</span> <span class='ocrx_word' id='word_1_359' title='bbox 728 3938 762 4010; x_wconf 91' lang='lat' dir='ltr'>in</span> <span class='ocrx_word' id='word_1_360' title='bbox 789 3936 931 4034; x_wconf 83' lang='lat' dir='ltr'>syzygiis</span> <span class='ocrx_word' id='word_1_361' title='bbox 951 3935 1153 4013; x_wconf 88' lang='lat' dir='ltr'>luminarium</span> <span class='ocrx_word' id='word_1_362' title='bbox 1173 3942 1208 4013; x_wconf 78' lang='lat' dir='ltr'>dr</span> <span class='ocrx_word' id='word_1_363' title='bbox 1236 3935 1443 4033; x_wconf 84' lang='lat' dir='ltr'>quadraturis</span> <span class='ocrx_word' id='word_1_364' title='bbox 1465 3931 1616 4030; x_wconf 72' lang='lat' dir='ltr'>respectu</span> <span class='ocrx_word' id='word_1_365' title='bbox 1633 3935 1791 4030; x_wconf 74' lang='lat' dir='ltr'>appulsds</span> <span class='ocrx_word' id='word_1_366' title='bbox 1812 3932 1914 4008; x_wconf 81' lang='lat' dir='ltr'>Lunae</span> <span class='ocrx_word' id='word_1_367' title='bbox 1931 3931 1977 4040; x_wconf 60' lang='lat' dir='ltr'>‘ld</span> 
     </span>
     <span class='ocr_line' id='line_1_39' title="bbox 601 4029 1974 4131; baseline -0.007 -22"><span class='ocrx_word' id='word_1_368' title='bbox 601 4037 838 4126; x_wconf 65' lang='lat' dir='ltr'>meridianumq</span> <span class='ocrx_word' id='word_1_369' title='bbox 864 4031 986 4107; x_wconf 85' lang='lat' dir='ltr'>tardihs</span> <span class='ocrx_word' id='word_1_370' title='bbox 1014 4032 1135 4111; x_wconf 87' lang='lat' dir='ltr'>scilicet</span> <span class='ocrx_word' id='word_1_371' title='bbox 1164 4033 1286 4128; x_wconf 89' lang='lat' dir='ltr'>ubique</span> <span class='ocrx_word' id='word_1_372' title='bbox 1308 4035 1457 4110; x_wconf 88' lang='lat' dir='ltr'>locorum</span> <span class='ocrx_word' id='word_1_373' title='bbox 1490 4029 1648 4115; x_wconf 76' lang='lat' dir='ltr'>Florus,</span> <span class='ocrx_word' id='word_1_374' title='bbox 1687 4033 1804 4131; x_wconf 89' lang='lat' dir='ltr'>quiin</span> <span class='ocrx_word' id='word_1_375' title='bbox 1832 4030 1974 4124; x_wconf 79' lang='lat' dir='ltr'>syzygtts</span> 
     </span>
     <span class='ocr_line' id='line_1_40' title="bbox 601 4126 1977 4226; baseline -0.011 -16"><span class='ocrx_word' id='word_1_376' title='bbox 601 4133 829 4226; x_wconf 75' lang='lat' dir='ltr'>contingunt,</span> <span class='ocrx_word' id='word_1_377' title='bbox 853 4129 1062 4226; x_wconf 85' lang='lat' dir='ltr'>insequuntur</span> <span class='ocrx_word' id='word_1_378' title='bbox 1075 4131 1343 4206; x_wconf 86' lang='lat' dir='ltr'>culminationem</span> <span class='ocrx_word' id='word_1_379' title='bbox 1369 4129 1497 4211; x_wconf 80' lang='lat' dir='ltr'>Lunae,</span> <span class='ocrx_word' id='word_1_380' title='bbox 1523 4134 1619 4224; x_wconf 74' lang='lat' dir='ltr'>quim</span> <span class='ocrx_word' id='word_1_381' title='bbox 1639 4127 1688 4206; x_wconf 84' lang='lat' dir='ltr'>ii,</span> <span class='ocrx_word' id='word_1_382' title='bbox 1713 4127 1766 4224; x_wconf 88' lang='lat' dir='ltr'>qui</span> <span class='ocrx_word' id='word_1_383' title='bbox 1780 4126 1867 4199; x_wconf 89' lang='lat' dir='ltr'>circa</span> <span class='ocrx_word' id='word_1_384' title='bbox 1890 4143 1977 4218; x_wconf 72' lang='lat' dir='ltr'>qua·</span> 
     </span>
    </p>
   </div>
   <div class='ocr_carea' id='block_1_3' title="bbox 600 4217 1978 4437">
    <p class='ocr_par' dir='ltr' id='par_1_3' title="bbox 600 4217 1978 4437">
     <span class='ocr_line' id='line_1_41' title="bbox 600 4217 1978 4321; baseline -0.011 -15"><span class='ocrx_word' id='word_1_385' title='bbox 600 4234 745 4306; x_wconf 89' lang='lat' dir='ltr'>draturas</span> <span class='ocrx_word' id='word_1_386' title='bbox 760 4229 907 4308; x_wconf 90' lang='lat' dir='ltr'>veniunt.</span> <span class='ocrx_word' id='word_1_387' title='bbox 946 4224 1053 4317; x_wconf 86' lang='lat' dir='ltr'>Hujus</span> <span class='ocrx_word' id='word_1_388' title='bbox 1072 4244 1180 4303; x_wconf 90' lang='lat' dir='ltr'>autem</span> <span class='ocrx_word' id='word_1_389' title='bbox 1210 4227 1426 4304; x_wconf 83' lang='lat' dir='ltr'>Phaeoomenl</span> <span class='ocrx_word' id='word_1_390' title='bbox 1450 4227 1573 4321; x_wconf 83' lang='lat' dir='ltr'>duplex</span> <span class='ocrx_word' id='word_1_391' title='bbox 1595 4225 1685 4299; x_wconf 88' lang='lat' dir='ltr'>causa</span> <span class='ocrx_word' id='word_1_392' title='bbox 1705 4222 1810 4318; x_wconf 81' lang='lat' dir='ltr'>potest</span> <span class='ocrx_word' id='word_1_393' title='bbox 1833 4217 1978 4316; x_wconf 82' lang='lat' dir='ltr'>aliigna·</span> 
     </span>
     <span class='ocr_line' id='line_1_42' title="bbox 601 4313 1978 4437; baseline -0.011 -35"><span class='ocrx_word' id='word_1_394' title='bbox 601 4331 655 4406; x_wconf 84' lang='lat' dir='ltr'>ri,</span> <span class='ocrx_word' id='word_1_395' title='bbox 674 4351 816 4437; x_wconf 33' lang='lat' dir='ltr'>&#39;quarum</span> <span class='ocrx_word' id='word_1_396' title='bbox 839 4323 944 4422; x_wconf 91' lang='lat' dir='ltr'>prima</span> <span class='ocrx_word' id='word_1_397' title='bbox 962 4322 1060 4398; x_wconf 76' lang='lat' dir='ltr'>asota</span> <span class='ocrx_word' id='word_1_398' title='bbox 1075 4325 1256 4422; x_wconf 88' lang='lat' dir='ltr'>quantitate</span> <span class='ocrx_word' id='word_1_399' title='bbox 1273 4329 1408 4403; x_wconf 86' lang='lat' dir='ltr'>aelluum</span> <span class='ocrx_word' id='word_1_400' title='bbox 1423 4327 1567 4423; x_wconf 87' lang='lat' dir='ltr'>petitur,</span> <span class='ocrx_word' id='word_1_401' title='bbox 1588 4324 1670 4420; x_wconf 82' lang='lat' dir='ltr'>‘quia</span> <span class='ocrx_word' id='word_1_402' title='bbox 1690 4322 1780 4396; x_wconf 89' lang='lat' dir='ltr'>enim</span> <span class='ocrx_word' id='word_1_403' title='bbox 1801 4317 1896 4392; x_wconf 78' lang='lat' dir='ltr'>aellus</span> <span class='ocrx_word' id='word_1_404' title='bbox 1919 4313 1978 4411; x_wconf 82' lang='lat' dir='ltr'>sy·</span> 
     </span>
    </p>
   </div>
   <div class='ocr_carea' id='block_1_4' title="bbox 488 4417 1978 4595">
    <p class='ocr_par' dir='ltr' id='par_1_4' title="bbox 488 4417 1978 4595">
     <span class='ocr_line' id='line_1_43' title="bbox 488 4417 1978 4595; baseline -0.023 -78"><span class='ocrx_word' id='word_1_405' title='bbox 488 4528 490 4532; x_wconf 45' lang='grc'><strong>,</strong></span> <span class='ocrx_word' id='word_1_406' title='bbox 600 4447 775 4526; x_wconf 73' lang='lat' dir='ltr'>zygtarum</span> <span class='ocrx_word' id='word_1_407' title='bbox 800 4423 906 4502; x_wconf 80' lang='lat' dir='ltr'>multo</span> <span class='ocrx_word' id='word_1_408' title='bbox 925 4426 996 4501; x_wconf 89' lang='lat' dir='ltr'>sunt</span> <span class='ocrx_word' id='word_1_409' title='bbox 1010 4429 1153 4523; x_wconf 85' lang='lat' dir='ltr'>majores</span> <span class='ocrx_word' id='word_1_410' title='bbox 1180 4431 1278 4524; x_wconf 78' lang='lat' dir='ltr'>qu&#39;am</span> <span class='ocrx_word' id='word_1_411' title='bbox 1291 4425 1387 4506; x_wconf 82' lang='lat' dir='ltr'>aelius</span> <span class='ocrx_word' id='word_1_412' title='bbox 1401 4425 1694 4523; x_wconf 86' lang='lat' dir='ltr'>quadraturarum,</span> <span class='ocrx_word' id='word_1_413' title='bbox 1721 4417 1978 4595; x_wconf 50' lang='lat' dir='ltr'>consentanepm</span> 
     </span>
     <span class='ocr_line' id='line_1_44' title="bbox 1086 4533 1960 4592; baseline -0.029 17"><span class='ocrx_word' id='word_1_414' title='bbox 1086 4583 1089 4590; x_wconf 91' lang='lat'>-</span> <span class='ocrx_word' id='word_1_415' title='bbox 1882 4533 1917 4592; x_wconf 74' lang='lat' dir='ltr'>qr¹</span> <span class='ocrx_word' id='word_1_416' title='bbox 1941 4533 1960 4584; x_wconf 90' lang='lat' dir='ltr'>e</span> 
     </span>
    </p>
   </div>
   <div class='ocr_carea' id='block_1_5' title="bbox 1926 4597 1931 4609">
    <p class='ocr_par' dir='ltr' id='par_1_5' title="bbox 1926 4597 1931 4609">
     <span class='ocr_line' id='line_1_45' title="bbox 1926 4597 1931 4609; baseline 0 0"><span class='ocrx_word' id='word_1_417' title='bbox 1926 4597 1931 4609; x_wconf 74' lang='lat'><em>1</em></span> 
     </span>
    </p>
   </div>
   <div class='ocr_carea' id='block_1_6' title="bbox 0 0 2210 5708">
    <p class='ocr_par' dir='ltr' id='par_1_6' title="bbox 0 0 2210 5708">
     <span class='ocr_line' id='line_1_46' title="bbox 0 0 2210 5708; baseline 0 0"><span class='ocrx_word' id='word_1_418' title='bbox 0 0 2210 5708; x_wconf 95' lang='lat' dir='ltr'> </span> 
     </span>
    </p>
   </div>
  </div>
 </body>
</html>
