4444 5718
352 353 1630 456 seususielteenuxusltlin1s.arr

287 510 317 601 5.
345 535 425 609 103.
451 513 614 608 Quartum
635 495 888 592 Phanomenon
917 516 1091 594 varietates
1116 513 1296 590 menslruas
1320 512 1452 626 respicit
1481 555 1494 592 ,
1534 527 1633 628 atque
1666 515 1776 594 Ciu.

241 607 385 687 osleodit
409 611 530 691 aeslus,
556 610 613 710 qui
637 615 725 689 circa
739 613 917 711 plenilunia
941 617 977 693 δι
1003 611 1171 690 novilunia
1194 609 1416 708 contingunt,
1442 628 1528 688 iuter
1552 610 1632 726 relt·
1674 613 1779 691 vii.

242 729 327 801 quos
348 707 493 802 ejusdem
512 705 630 794 mensis
655 709 721 784 else
747 710 933 797 maximos,
958 711 1054 787 aestus
1075 708 1160 787 verb
1182 709 1270 786 circa
1288 709 1510 809 quadraturas
1535 711 1633 785 lumi-

243 802 369 878 narium
390 803 545 880 minimos
553 832 567 898 3
596 829 671 902 quae
694 807 897 904 inaequalitas
920 831 995 884 cum
1023 808 1152 884 inentia
1176 807 1289 884 nostra
1322 805 1365 880 ad
1382 804 1524 921 ainusbm
1550 831 1633 902 qua·

241 895 324 972 drat.
359 887 460 974 'etin
485 901 571 974 enini
598 901 694 979 aelius
708 905 814 979 Maris
844 931 912 981 noo
934 905 1036 980 solum
1061 905 1105 980 ab
1131 913 1171 980 etr
1184 907 1242 983 vi,
1268 929 1344 1001 quae
1366 920 1483 978 vortici
1506 901 1635 978 Lunam

241 994 396 1071 ambienti
419 1000 603 1095 competit,
630 1001 780 1085 oriatur,
803 1003 860 1078 sed
874 1002 1004 1078 etiams
1022 1002 1057 1078 vi
1074 1001 1185 1079 Solem
1207 1003 1372 1100 spectante
1387 1001 1544 1098 pendeat,
1558 1023 1634 1096 quae

241 1093 358 1167 ceteris
380 1094 511 1188 paribus
525 1097 657 1172 circiter
677 1100 862 1194 quadruplo
883 1101 990 1174 minor
1004 1099 1051 1177 est
1069 1099 1102 1176 vi
1116 1101 1248 1212 Lunae,
1271 1097 1474 1210 manifestum
1500 1096 1548 1172 est
1570 1099 1633 1172 aes-

240 1199 308 1261 tum
325 1187 434 1266 Maiis
458 1194 636 1269 maximum
653 1197 717 1268 esse
732 1199 877 1276 debere,
904 1197 930 1272 si
951 1197 1058 1270 ambae
1079 1198 1167 1274 vites
1189 1216 1274 1272 inter
1299 1197 1332 1274 se
1348 1197 1558 1290 conspirent,
1584 1213 1634 1273 at·

239 1309 306 1381 que
330 1311 447 1384 aquam
475 1287 568 1365 simul
591 1290 647 1368 vel
671 1293 803 1368 elevent
820 1297 875 1370 vel
898 1294 1111 1387 deprimant,
1136 1295 1171 1368 id
1198 1296 1291 1393 quod
1306 1292 1459 1372 accidere
1486 1295 1633 1406 ostendi·

240 1405 313 1457 iiius
340 1399 408 1460 tam
432 1383 615 1480 pleniluniis
641 1393 738 1485 quam
763 1391 951 1468 noviluniis.
1010 1391 1149 1464 De‘nde
1177 1392 1270 1468 simili
1298 1394 1439 1504 modo,
1476 1416 1634 1504 quoniam

240 1476 311 1553 illae
337 1478 426 1556 vires
446 1481 530 1558 inter
556 1486 587 1558 se
618 1487 760 1562 maxime
783 1487 968 1584 discrepant
994 1490 1025 1562 iii
1042 1489 1271 1584 quadraturis,
1298 1491 1414 1587 quibus
1434 1494 1637 1602 temporibus

138 1575 144 1588 '
241 1575 320 1650 dum
335 1602 435 1677 aqua
455 1577 584 1656 &Luna
605 1584 749 1658 maxime
769 1585 944 1669 elevatur,
969 1585 1095 1660 simula
1119 1585 1196 1664 Sole
1222 1588 1365 1665 maxime
1379 1587 1576 1680 deprimitur
1596 1613 1637 1664 ac

240 1669 405 1760 vicisfim,
430 1678 634 1771 perspicuum
649 1683 696 1756 est
714 1681 826 1758 iisdem
845 1683 1049 1780 temporibus
1072 1683 1188 1758 vesturii
1213 1683 1384 1758 minimum
1408 1683 1485 1796 elie·
1499 1685 1636 1798 debere.

242 1763 410 1848 Praeterea
433 1773 515 1850 verb
529 1772 631 1870 ipsum
656 1777 829 1854 discrimen
855 1805 931 1856 cum
946 1780 1404 1870 theoriaeit'adleconvenitt
1429 1803 1463 1855 in
1489 1782 1637 1877 pluribus
1716 1887 1719 1892 y*

241 1864 332 1940 enirn
353 1869 513 1963 portubus
538 1871 635 1949 aestus
649 1874 860 1956 maximos&
884 1876 1037 1953 minimos
1054 1879 1098 1952 ad
1121 1879 1283 1956 calculum
1307 1878 1564 1992 revocavimus,
1587 1901 1638 1962 at·

244 1985 309 2058 que
335 1964 553 2043 excolatione
577 1993 693 2046 eorum
721 1974 916 2050 relationem
936 1975 1021 2051 inter
1047 1977 1132 2053 vires
1147 1975 1253 2053 Lunae
1279 2001 1320 2052 ac
1344 1977 1430 2054 Sulis
1455 1981 1639 2074 investiera-

243 2059 378 2150 vimus3
398 2063 542 2162 hincque
565 2069 728 2164 perpetue,
754 2075 894 2145 eandem
917 2071 988 2147 sere
1003 2075 1165 2147 rationein
1188 2075 1274 2147 inter
1296 2073 1383 2154 vires
1403 2076 1488 2154 Solis
1510 2101 1550 2154 ac
1570 2081 1637 2156 Lu·

240 2175 294 2230 nae
311 2159 471 2236 absolutas
489 2161 683 2241 elicuimus,
708 2167 988 2264 quemadmodum
1013 2168 1051 2244 id
1068 2167 1148 2244 fecit
1176 2171 1401 2249 Neveovvs
1422 2199 1466 2248 ex
1480 2177 1636 2256 observa-

239 2251 388 2330 tionibus
414 2256 558 2333 Bristolii
585 2255 621 2338 dt
648 2260 838 2360 Plymouthi
866 2309 879 2345 ‚
914 2289 977 2340 nos
1002 2265 1086 2341 verb
1103 2267 1147 2340 in
1165 2264 1269 2342 Portu
1291 2269 1417 2346 Gratiae
1441 2270 1597 2358 institutis
1624 2325 1635 2358 .

242 2349 510 2428 conclusionibus
537 2355 677 2432 mirifice
700 2359 785 2434 inter
802 2360 833 2432 se
853 2362 1133 2458 congruentibus:
1156 2366 1259 2460 qualis
1281 2369 1458 2446 consensus
1483 2370 1637 2467 profectu

242 2445 412 2540 expedisti
433 2473 502 2522 non
530 2453 660 2549 pollet,
686 2455 711 2530 fi
735 2455 863 2532 theoria
883 2456 1014 2535 veritati
1039 2483 1109 2534 non
1135 2461 1212 2538 esset
1232 2470 1464 2550 consentanea.
1515 2470 1636 2567 Neque

243 2543 343 2616 etiam
367 2543 441 2618 aliae
458 2546 596 2623 ilieoriae
611 2553 720 2628 adhuc
737 2553 934 2649 prosuae,
960 2557 1143 2648 cujusmodi
1166 2561 1236 2637 sunt
1253 2565 1402 2646 Gulilaei,
1434 2567 1636 2663 Wulli'fiiat·
1763 2659 1768 2672 ,

244 2661 310 2734 que
336 2639 495 2736 Comesse,
521 2644 578 2742 qui
604 2649 732 2724 causeam
746 2649 781 2724 in
796 2651 956 2745 preifione
975 2653 1082 2730 Lunae
1094 2656 1274 2738 collocavit
1281 2713 1292 2749 ,
1320 2665 1396 2741 huic
1411 2665 1635 2759 phaenomena

243 2732 392 2832 perfecte
416 2739 635 2827 satisfaciunt,
661 2746 717 2820 sed
743 2746 853 2844 potius
876 2748 1008 2846 prorsus
1033 2771 1236 2832 evertuntur.

293 2831 324 2918 s.
352 2855 427 2928 104.
457 2833 893 2930 Quintnmeaenomenon
920 2849 953 2924 in
978 2849 1045 2924 lioc
1073 2853 1248 2940 consistat,
1274 2853 1368 2956 qudd
1394 2855 1489 2934 uiiius
1515 2861 1636 2940 mensis

244 2921 419 3008 intervallo
444 2933 580 3010 maximi
596 2935 694 3013 aestus
714 2963 784 3016 rioii
807 2941 869 3018 lint
888 2945 933 3025 ii,
959 2951 1015 3046 qui
1042 2941 1211 3025 novilunia
1229 2979 1270 3031 ac
1284 2953 1462 3050 plenilunia
1483 2957 1634 3051 proxime

244 3020 479 3112 insequuntur,
497 3032 555 3108 sed
577 3031 748 3132 sequentes
764 3041 850 3115 tertii
870 3041 994 3120 scilicet
1017 3047 1151 3122 circiter
1171 3047 1227 3126 vel
1241 3053 1375 3149 quarti,
1395 3051 1555 3152 similique
1582 3055 1634 3130 iii-

242 3133 326 3196 terve
338 3120 385 3196 llo
404 3125 502 3203 aelius
524 3128 649 3204 minimi
675 3134 807 3210 demum
852 3139 902 3212 oli
916 3143 1128 3238 quadraturas
1150 3147 1360 3245 contingunt.
1394 3149 1500 3242 Huius
1524 3169 1632 3228 autem

242 3217 458 3296 Pbaenomeni
480 3226 611 3304 ratioin
626 3227 660 3320 §.
683 3251 740 3323 97.
766 3231 864 3310 fusius
887 3237 1126 3334 estexposita‚
1153 3242 1209 3316 ubi
1224 3245 1453 3330 ostendimus,
1476 3245 1555 3324 calm
1577 3251 1634 3326 aes·

241 3329 294 3390 tus
318 3339 397 3392 anie
419 3318 570 3420 syzygias
585 3324 770 3424 incidentes
789 3329 890 3406 essent
905 3333 1074 3423 minores,
1097 3339 1274 3417 maximam
1293 3344 1360 3420 vim
1375 3343 1482 3422 asoie
1500 3351 1536 3423 δι
1564 3351 1633 3425 Lu·

243 3417 287 3486 na
309 3430 416 3490 ortam
431 3439 499 3491 nori
522 3419 628 3496 subitd
648 3423 763 3500 aellum
778 3427 957 3506 maximum
981 3438 1166 3528 producere
1180 3438 1293 3516 valere
1308 3483 1320 3520 ,
1338 3440 1393 3514 sed
1409 3437 1533 3515 taritlim
1549 3443 1633 3524 Ma·

243 3529 280 3581 te
302 3511 346 3584 ad
370 3534 447 3586 eum
472 3516 589 3591 siarum
604 3517 777 3597 solicitare.
814 3523 898 3602 Citio
920 3528 1022 3624 igitur
1036 3537 1107 3628 post
1121 3537 1270 3633 syzygias
1285 3535 1334 3614 vis
1355 3539 1468 3614 aelium
1487 3527 1634 3620 e'fficiens

242 3601 432 3684 senfibi'liter
454 3636 523 3688 non
549 3614 741 3722 decrescat,
765 3622 862 3697 aeslus
883 3627 1063 3704 etiamnum
1089 3644 1162 3730 pot-l
1186 3636 1253 3707 hoc
1276 3650 1404 3730 tempus
1427 3635 1633 3716 incrementa

244 3701 382 3810 capiet,
404 3723 506 3806 atque
537 3709 616 3786 ideo
631 3717 765 3792 demum
791 3719 863 3813 poll
873 3722 1026 3822 syzygias
1043 3727 1100 3802 fiet
1122 3732 1305 3815 maxinme
1329 3732 1500 3831 similisque
1514 3731 1562 3808 est
1577 3761 1631 3813 ra·

242 3796 533 3904 tioldiminutionis
548 3809 708 3890 aestuum,
732 3839 807 3912 quae
821 3817 999 3896 etiamnum
1026 3825 1098 3920 poll
1112 3829 1326 3924 quadraturas
1347 3831 1462 3905 contin
1492 3853 1548 3906 ere
1572 3835 1633 3908 de·

241 3892 327 3971 bet,
356 3894 449 3973 itaut
465 3901 561 4011 aeslus
582 3905 708 3981 minimi
729 3913 862 3986 demum
885 3919 957 4012 poll
984 3923 1197 4016 quadraturas
1222 3925 1386 4000 eveniant.
1436 3857 1632 4022 ldtjusmodi

241 4008 353 4066 autem
373 3997 613 4074 retardationes
626 3999 804 4082 effectuum
830 4014 848 4082 a
865 4017 986 4091 viribus
1008 4023 1041 4088 iii
1057 4025 1183 4094 mundo
1197 4021 1412 4100 exilientibus
1432 4029 1631 4119 provenien·

241 4084 324 4162 lium
346 4091 502 4204 quotidie
520 4085 652 4173 abunde
665 4105 880 4198 experimur:
906 4114 953 4185 ob
966 4113 1101 4188 similem
1116 4119 1203 4192 enini
1230 4119 1389 4194 rationem
1405 4122 1539 4219 singulis
1560 4123 1631 4198 die·

241 4183 303 4261 bus
328 4211 508 4265 maximum
522 4192 669 4269 calorem
684 4223 752 4272 non
778 4202 903 4297 inipso
918 4211 1055 4284 meridie
1080 4215 1259 4294 sentimus,
1283 4219 1406 4293 etiamsi
1422 4221 1631 4318 boetempo·

240 4302 278 4352 re
295 4287 347 4358 vis
372 4285 455 4364 Solis
470 4285 667 4366 calefaciens
690 4295 757 4370 fine
783 4300 888 4374 dubio
907 4305 945 4376 sit
967 4308 1133 4390 maxima,
1158 4315 1214 4384 led
1236 4313 1368 4387 demum
1390 4316 1515 4413 aliquot
1540 4318 1631 4396 horis

240 4375 318 4470 post
339 4384 528 4468 meridiem,
555 4409 655 4485 atque
681 4413 819 4489 propter
843 4401 985 4474 eandem
1010 4407 1137 4479 causam
1159 4429 1270 4504 neque
1289 4408 1414 4482 solstitii
1434 4413 1538 4490 aeslivi
1557 4441 1631 4489 ino·

240 4488 358 4580 mento
382 4483 542 4578 maxinme
566 4491 660 4560 calor
685 4507 811 4566 eristius
835 4493 996 4576 sentitur,
1022 4523 1129 4596 neque
1156 4519 1308 4601 tempore
1336 4505 1460 4588 soubiii
1489 4510 1629 4610 hyberni

233 4563 343 4668 lngus
362 4570 549 4660 summum,
575 4581 634 4660 sed
653 4601 826 4685 utrumque
849 4593 1039 4672 notabiliter
1068 4593 1222 4678 tardius·
1309 4625 1312 4632 ·

1334 4737 1339 4744 -
1421 4780 1438 4800 a
1492 4703 1628 4810 sio,
