4486 5720
552 373 629 432 ur·
676 347 1065 430 Ruauuxus
1114 331 1363 424 meme.
1532 359 1683 458 ⁵sqq

277 505 322 586 ad
343 497 543 600 Principia,
566 500 656 578 unde
678 497 798 574 horum
823 496 908 575 ratio
926 495 974 574 eil
989 494 1171 572 reddenda.
1201 491 1318 572 Liceat
1339 505 1451 568 tamen
1472 481 1604 584 praelati
1617 510 1684 561 no·

85 627 139 688 ·.
276 603 458 684 bililfimam
482 597 642 699 quidese,
665 596 722 672 sed
744 596 838 672 limul
850 593 1077 672 difficillimam
1098 591 1161 671 elle
1182 592 1269 668 hanc
1281 587 1506 682 Philosophiae
1531 595 1686 678 partem‘,
1752 631 1759 648 .

277 726 355 818 quat
383 695 688 807 Pbaenomenotum
713 695 826 772 causas
845 693 1038 808 investigat·
1052 695 1090 769 δι
1108 689 1264 806 explicat.
1298 687 1349 764 Ea
1365 687 1423 798 'est
1446 682 1586 758 Naturae
1609 682 1685 756 sub·

275 801 404 878 nlttase
429 813 466 874 ut
493 818 562 870 non
581 792 621 868 lit
634 815 752 870 murum
778 792 891 870 causas
906 812 1104 888 pnmattas,
1126 787 1289 892 solertiam
1312 781 1591 880 Philosophorum
1607 779 1683 890 ple·

275 919 416 996 rumque
446 889 609 988 effligere,
653 889 720 986 Qui
736 892 884 970 omnium
897 890 1205 964 „Phaenomenomm
1219 902 1392 962 rationes,
1422 899 1607 989 exponere,
1629 898 1682 948 rn-

277 1013 475 1094 negtamque
502 991 671 1068 causarum
698 986 815 1065 seriem
843 987 942 1064 nobis
967 983 1130 1096 exhibere
1152 983 1185 1058 in
1211 983 1491 1097 seusulceperunt.
1517 972 1563 1052 ilb
1589 975 1681 1086 certe

274 1069 1683 1284 dtllnllstlnlllttdtlldl‘·rrlltbtllqtlbbt‘slbs:

110 1307 125 1322 “
274 1312 383 1364 manae
406 1281 486 1360 lorti
511 1299 707 1382 competere
730 1281 781 1360 fas
796 1279 1025 1360 elldubitare.
1062 1279 1200 1355 Praestat
1214 1277 1314 1376 igitur
1326 1292 1494 1352 tantorum
1523 1269 1675 1350 virorum

273 1381 418 1464 succellu
443 1381 549 1460 minio
574 1379 664 1458 felici
686 1382 852 1464 edoctos,
877 1365 975 1476 ipsius
993 1393 1122 1456 naturae
1137 1375 1281 1492 vestigia
1295 1373 1392 1452 caute
1414 1377 1452 1454 dt
1465 1365 1674 1467 lentelequi.

275 1481 382 1578 Qudd
398 1481 422 1558 li
437 1481 662 1560 Phaeuomeba
686 1484 731 1558 ad
756 1477 928 1582 generalia
945 1480 1101 1581 quaedam
1127 1472 1294 1574 Principia
1316 1473 1477 1549 reducere
1501 1463 1676 1580 poliirnuss

274 1581 462 1680 horumque
486 1582 574 1660 uires
600 1579 731 1656 cundo
762 1579 945 1674 subjicere,
978 1577 1064 1654 bisce
1079 1573 1239 1672 gradibus
1252 1572 1397 1670 aliquam
1418 1591 1511 1682 verm
1531 1563 1674 1677 Plulolo·

191 1705 193 1712 ’
274 1679 366 1777 phiae
385 1695 511 1776 partem
535 1679 765 1776 adequamura
813 1702 868 1754 uae
893 1676 1031 1777 quidem
1045 1696 1164 1752 manca
1186 1672 1241 1750 seu
1255 1665 1452 1766 imperfecta
1465 1679 1547 1750 ent.
1571 1663 1599 1740 li
1624 1683 1676 1759 tp·

273 1779 385 1858 sorum
402 1775 645 1876 Principiorum
668 1778 772 1854 causae
790 1705 927 1854 lateant
943 1799 957 1870 ·‚
976 1792 1069 1852 tanta
1091 1787 1202 1848 tamen
1225 1767 1309 1848 ineli
1333 1788 1442 1886 rerum
1470 1780 1596 1839 naturae
1618 1783 1677 1838 ve·

275 1875 409 1992 nullas,
432 1893 472 1954 ut
493 1901 534 1955 ea
552 1899 629 1976 pars
641 1874 890 1974 longeprettet
911 1871 1119 1954 subtilillimis
1138 1871 1287 1951 vitorun
1308 1864 1565 1946 acunffimorum
1578 1881 1675 1938 coru»

276 1990 443 2184 peffihs
461 2071 577 2183 ¹Maris
601 2051 727 2152 curvi(
729 2071 785 2150 vel
808 2069 926 2150 leviter
955 2063 1179 2166 perpendenti
1201 2061 1410 2142 manifestum
1445 2055 1494 2134 ell
1517 2051 1678 2134 Lumine·

274 2191 387 2255 rrum,
409 2169 516 2250 Lunae
540 2170 742 2268 praeferam,
766 2170 912 2248 motibus
941 2169 1059 2248 affines
1081 2167 1145 2243 effe
1170 2167 1209 2242 de
1235 2163 1410 2260 analogos.
1474 2153 1605 2234 Eadem
1626 2153 1677 2232 est

182 2299 188 2304 ·‘
272 2268 430 2366 periodus
454 2267 564 2346 motlls
584 2269 693 2346 Maris
717 2264 827 2344 diurni
840 2293 881 2346 ac
906 2266 1012 2346 Lunae
1038 2251 1083 2342 ad
1100 2257 1327 2342 Meridiannrb
1340 2258 1434 2370 loci3
1461 2255 1578 2332 eadem
1602 2279 1673 2332 mo·
1702 2301 1705 2308 ι

273 2363 329 2444 uls
355 2367 511 2446 menllrui
535 2389 577 2442 ac
594 2363 701 2444 Lunae
726 2365 770 2440 ad
797 2364 936 2463 Solem3
957 2363 1124 2460 utriusque
1137 2359 1324 2438 Luminaris
1348 2359 1400 2436 vis
1424 2379 1459 2430 m
1480 2370 1574 2428 motu
1597 2353 1678 2448 Ma*

274 2462 321 2542 ris
343 2465 541 2560 generando
559 2461 638 2540 hinc
662 2463 796 2546 elucet,
866 2461 914 2540 dd
932 2466 1029 2542 aestus
1051 2461 1115 2536 sint
1135 2461 1282 2554 majores
1302 2457 1376 2557 qud
1397 2453 1543 2532 minores
1558 2453 1676 2530 utrius·

274 2584 342 2661 que
370 2561 535 2639 distantiae
559 2566 580 2637 a
604 2561 743 2659 Tetra3
769 2558 831 2637 ade
880 2579 916 2640 ut
929 2563 1038 2640 nullus
1055 2559 1095 2638 fit
1110 2557 1285 2636 dubitandi
1296 2557 1415 2641 locos,
1439 2570 1568 2632 motum
1589 2553 1676 2628 Ma·

273 2661 319 2738 tis
351 2659 416 2735 etse
439 2659 552 2758 aliqud
582 2659 713 2738 ratione
737 2661 784 2736 ad
807 2675 936 2736 motum
966 2659 1072 2738 Lunae
1099 2663 1136 2738 dt
1156 2655 1241 2737 Solis
1266 2655 1495 2755 compofitum.
1548 2651 1677 2749 Quales

273 2773 385 2840 autem
410 2757 561 2834 dicemus
583 2757 655 2836 illas
675 2757 740 2832 effe
768 2756 857 2836 virm
882 2781 958 2858 quae
980 2762 1001 2833 d
1026 2757 1121 2836 Luna
1138 2759 1175 2836 δι
1198 2755 1277 2836 Sole
1299 2772 1494 2858 propagatae
1510 2757 1601 2848 (aut
1631 2755 1677 2831 ab

276 2856 327 2932 bis
355 2852 588 2953 aliquomodo
612 2855 824 2952 pendentes)
848 2881 968 2958 aquam
994 2854 1046 2935 bis
1066 2854 1203 2955 lingulis
1223 2857 1341 2936 diebus
1360 2856 1483 2934 tollunt
1502 2857 1537 2928 dr
1557 2853 1675 2951 depti-

276 2967 399 3046 munt3
423 2975 502 3050 quae
517 2951 552 3026 in
575 2951 728 3054 syzygiis
754 2951 979 3034 luminarium
1000 2956 1217 3055 conspirant,
1259 2953 1479 3050 Quadratuuis
1493 2968 1675 3052 pugnant3

274 3050 311 3128 in
346 3049 527 3140 minoritas
539 3052 706 3150 utriusque
722 3049 886 3130 distantiis
899 3073 1094 3152 augentur,
1118 3053 1345 3148 immaioribus
1359 3053 1550 3132 minuuntur
1562 3077 1577 3143 3
1599 3074 1676 3149 quac

275 3148 311 3228 in
325 3145 446 3224 minori
456 3146 562 3226 Lunae
573 3147 798 3228 declinatione
811 3145 994 3232 fortiores,
1019 3152 1054 3227 in
1069 3151 1187 3245 majori
1204 3153 1385 3230 debiliores
1398 3150 1495 3248 sunt·‚
1523 3153 1561 3230 dt
1589 3171 1675 3224 non·

274 3269 446 3344 nunquam
484 3247 645 3341 majorem
680 3265 807 3326 motum
835 3247 925 3322 cient
955 3247 1032 3326 cbm
1058 3247 1117 3328 sot
1147 3252 1185 3328 δι
1217 3247 1313 3328 Luna
1334 3249 1421 3328 infra
1444 3247 1679 3328 Horizontem

274 3345 528 3443 deprimuntur,
549 3347 652 3444 quem
679 3342 1050 3424 cirminMeridienos
1090 3343 1192 3422 eriori
1214 3349 1316 3422 ambo
1327 3347 1551 3426 dominentur.
1585 3343 1675 3424 Fue-

275 3458 353 3522 runt
364 3441 439 3520 Viri
453 3441 661 3520 celeberrimi
674 3441 732 3543 qui
744 3441 859 3518 aestum
877 3444 986 3524 Maris
1000 3469 1059 3544 pre
1096 3469 1162 3523 one
1187 3445 1333 3544 quddam
1351 3447 1464 3521 Lunae
1478 3443 1559 3522 cieri
1580 3459 1675 3540 puta·

237 3631 241 3636 ,
277 3557 364 3618 eunt
398 3538 524 3618 Verium
539 3539 669 3620 caulam
698 3545 735 3620 dt
749 3539 931 3652 mensuram
949 3543 1045 3642 buius
1067 3541 1237 3642 preliionis
1256 3567 1327 3620 non
1345 3543 1586 3627 attenderunt,
1611 3563 1677 3620 nec

276 3663 348 3752 quo
368 3639 471 3735 pasto
483 3653 593 3718 mottu
607 3639 713 3717 Maris
726 3637 903 3734 vatitbinc
918 3641 997 3718 oriri
1009 3639 1214 3741 podiutsatis
1225 3639 1536 3722 clareindicarunts
1564 3637 1674 3719 multd
1750 3638 1754 3649 “

277 3735 386 3816 mmbs
398 3753 509 3816 monu
532 3737 608 3816 illos
621 3739 719 3831 (boc
737 3734 904 3837 principio
928 3742 1074 3839 polito)
1095 3741 1144 3823 ad
1165 3739 1341 3821 Caloslum
1362 3761 1523 3820 revocem
1543 3739 1674 3828 docuez

277 3851 366 3916 runt.

325 3931 554 4046 Saganiffimus
576 3933 742 4035 Keplerns
755 3936 855 4012 Mare
869 3932 984 4015 versbs
1003 3934 1133 4018 Lunam
1154 3939 1345 4040 gravitatem
1368 3935 1550 4040 aestumque
1563 3937 1674 4016 Maris

275 4035 358 4114 hinc
378 4034 460 4110 creti
483 4031 563 4109 olrm
589 4033 723 4109 monuit.
750 4033 999 4118 Nannenus.
1025 4039 1200 4141 postquam
1221 4041 1317 4138 leges
1340 4037 1513 4136 gravitatis
1531 4033 1674 4112 detexis-

277 4135 351 4216 set‚
374 4129 502 4212 invenit
517 4128 739 4230 aequilibrium
766 4133 874 4211 Maris
898 4157 968 4210 non
994 4151 1063 4215 tam
1087 4143 1212 4220 turbari
1237 4138 1337 4236 iplius
1363 4135 1529 4232 gravitate
1554 4131 1671 4212 versio

280 4227 430 4322 Lunam,
461 4233 562 4332 quam
586 4253 632 4306 ex
654 4226 876 4330 inaequalitate
905 4237 957 4314 nis
983 4237 1050 4333 qud
1063 4239 1233 4336 particulae
1255 4235 1363 4310 Maris
1384 4235 1526 4309 tendunt
1538 4233 1583 4310 ad
1601 4229 1675 4309 bu·

266 4350 359 4406 -rtam
379 4335 417 4410 dc
442 4331 553 4404 Solem
577 4353 641 4428 pro
668 4329 804 4408 diversts
830 4330 893 4409 suis
914 4331 1079 4412 dillantiis
1101 4339 1145 4412 ab
1169 4337 1290 4413 borum
1313 4329 1458 4415 centris,
1483 4327 1672 4429 primusque

281 4443 409 4503 motum
434 4427 541 4506 Maris
567 4427 612 4505 ad
637 4443 744 4505 certas
768 4425 907 4526 neges,
938 4433 976 4511 dc
993 4433 1038 4508 ad
1058 4428 1231 4509 Calculum
1254 4451 1417 4508 revocare
1441 4427 1565 4506 docuit
1603 4429 1673 4512 Fa·

281 4527 422 4620 tendum
445 4523 579 4621 quidem
597 4527 648 4608 eli
669 4521 845 4627 gravitatis
867 4527 998 4608 caulam
1022 4525 1253 4704 igtiqtamelie
1275 4527 1332 4610 uel
1344 4527 1458 4605 saltem
1475 4529 1674 4704 obscurgm3
1815 4529 1827 4554 '

495 4675 499 4683 ι
1095 4651 1107 4705 ι
1128 4649 1149 4726 3
1616 4653 1673 4722 un
