4406 5718
724 309 1174 587 ²tar

458 614 467 738 j
832 613 1087 750 nn
1536 757 1555 770 „

351 897 1459 1165 nunni
1661 987 1667 994 -

241 1195 1626 1420 SYSTEMATE.
1772 1389 1783 1414 .
1996 1291 2000 1298 ·

288 1545 782 1737 JLIBER
864 1545 1532 1741 Tunttus

285 1827 331 1914 N
365 1824 495 1914 Libris
518 1821 823 1942 precedentibus
848 1825 1045 1944 Principia
1072 1825 1333 1946 Philosophiae
1361 1827 1524 1926 tradidi,
1552 1856 1632 1918 non

232 2046 233 2056 Ν
303 1969 436 2035 tamen
452 1935 728 2058 Philosophica
743 1941 809 2028 sed
830 1941 1118 2030 Mathematica
1139 1946 1314 2056 tanthm,
1342 1975 1394 2032 ex
1419 1945 1556 2058 quibus
1574 1945 1633 2034 vi·

238 2053 385 2148 delicet
424 2059 466 2144 in
505 2059 620 2146 rebus
657 2055 942 2174 Philosophicis
984 2059 1166 2178 disputati
1203 2063 1324 2176 poffit.
1406 2061 1507 2148 Haec
1548 2059 1634 2150 sunt

236 2203 423 2266 motuum
450 2183 493 2262 &
508 2175 655 2264 virium
671 2174 776 2281 leges
802 2181 845 2257 &
869 2173 1139 2274 conditiones,
1167 2207 1254 2287 quae
1271 2179 1322 2264 ad
1339 2177 1632 2293 Philosophiam

236 2291 416 2381 maxime
430 2295 611 2409 spetiem.
642 2291 795 2378 Eadem
807 2315 962 2392 tamen,
993 2322 1044 2380 ne
1061 2291 1198 2379 sterilia
1220 2293 1446 2404 videantur,
1476 2293 1633 2384 illustra·

237 2411 288 2498 vi
311 2409 467 2496 scholiis
497 2407 729 2522 quibusdam
757 2403 1055 2524 philosophicis,
1085 2441 1132 2494 ea
1154 2419 1314 2494 trahens
1335 2442 1421 2520 quae
1439 2409 1632 2518 generalia

238 2528 351 2623 sunt,
379 2533 421 2610 dt
453 2523 662 2636 inquibus
686 2523 938 2638 Philosophia
975 2519 1149 2610 maxims
1178 2521 1332 2608 fundari
1358 2524 1534 2624 videtur,
1575 2527 1633 2612 uti

238 2673 453 2760 corporum
478 2641 708 2736 denfitatem
736 2647 778 2722 ot
805 2640 1081 2739 resistentiam,
1113 2637 1229 2754 spatia
1243 2639 1468 2754 corporibus
1488 2673 1634 2743 vacua,

240 2785 479 2870 motumque
501 2757 600 2844 lucis¹
623 2763 670 2840 dt
687 2757 886 2841 sonorum.
921 2753 1096 2870 Superest
1123 2779 1164 2840 ur
1183 2785 1234 2840 ex
1267 2755 1407 2844 iisdem
1436 2757 1635 2875 principiis

245 2878 459 2964 doceamus
479 2870 792 2963 constitutionem
822 2872 1034 2984 systematis
1065 2869 1269 2958 mundani.
1328 2871 1394 2958 De
1421 2873 1503 2960 hoc
1525 2907 1635 2982 argu·

166 3037 172 3043 ·
245 3018 385 3079 mento
408 2991 703 3107 composueram
728 2986 870 3107 librum
891 2985 1048 3074 tertium
1076 2985 1269 3076 methodo
1294 2991 1501 3108 populari,
1543 2992 1635 3078 uta

196 3107 417 3224 ,pluribus
445 3107 644 3217 legeretur.
687 3101 767 3190 Sed
795 3101 935 3218 quibus
959 3104 1148 3220 principia
1180 3109 1300 3220 posita
1326 3107 1411 3220 satis
1444 3105 1636 3218 antellesta

242 3247 328 3310 non
347 3223 518 3323 nerine,
546 3221 576 3308 ii
594 3221 683 3309 vim
709 3221 1077 3326 consequentiarum
1105 3218 1272 3307 minime
1301 3224 1536 3337 percipient,
1566 3252 1643 3308 ne··2
1699 3265 1707 3288 =

245 3370 325 3451 que
345 3336 567 3458 praejudicia
593 3336 818 3454 deponent,
847 3331 987 3442 quibus
1015 3335 1038 3420 a
1061 3336 1194 3422 multis
1216 3365 1319 3424 retro
1338 3333 1447 3424 annis
1461 3342 1638 3425 insueve·

243 3483 361 3544 runt:
386 3464 433 3541 dt
460 3477 662 3576 propterea
689 3481 739 3538 ne
761 3481 820 3538 res
844 3448 886 3532 in
915 3449 1189 3571 disputationes
1217 3455 1404 3552 trahatur,
1437 3460 1636 3541 summam

247 3573 336 3659 libri
367 3571 469 3658 illius
486 3568 653 3662 transtuli
671 3567 713 3652 in
727 3565 1033 3686 propositiones,
1060 3599 1173 3656 more
1191 3569 1474 3658 mathematico
1491 3627 1503 3669 ,
1531 3591 1572 3653 ut
1586 3569 1635 3654 ab

120 3687 121 3692 Ν
246 3689 295 3776 iis
325 3686 413 3777 solis
431 3689 608 3800 legantur
628 3684 697 3798 qui
721 3684 909 3803 principia
933 3687 1035 3804 prius
1056 3685 1291 3776 evolverint.
1349 3687 1636 3785 Verumtamen

250 3805 441 3920 quoniam
462 3805 746 3924 propositiones
775 3801 830 3885 ibi
843 3797 969 3911 quim
991 3803 1164 3919 plurimae
1187 3829 1407 3902 occurrant,
1444 3833 1533 3915 quae
1551 3803 1636 3888 lec·

248 3921 395 4010 toribus
416 3925 537 4009 etiam
551 3915 829 4009 mathematici
855 3915 979 4004 dorsis
998 3951 1151 4009 moram
1167 3918 1331 4006 nimiam
1358 3918 1517 4028 injicere
1551 3921 1636 4033 pos·

245 4041 340 4138 sint,
371 4042 499 4126 ausser
519 4037 596 4126 elle
611 4035 708 4122 nolo
732 4057 776 4119 ut
805 4030 1007 4142 quisquam
1026 4068 1092 4123 eas
1108 4066 1266 4124 omnes
1291 4035 1453 4124 evolvat
1477 4069 1490 4144 3
1525 4035 1636 4120 suffe-

249 4151 345 4244 cerit
372 4157 401 4240 st
424 4153 509 4264 quis
536 4153 812 4250 definitiones,
838 4149 944 4256 leges
963 4176 1144 4239 motuum
1168 4163 1210 4239 dt
1225 4145 1414 4242 sectiones
1439 4177 1514 4238 tres
1536 4147 1636 4266 prio·

246 4305 308 4362 tes
322 4271 417 4356 libri
446 4269 563 4385 primi
587 4269 720 4356 sedulo
737 4266 871 4371 legat,
893 4265 989 4352 dein
1014 4273 1177 4358 transeat
1198 4269 1246 4358 ad
1265 4273 1374 4355 ¹hunc
1389 4279 1397 4288 '‘
1407 4268 1549 4350 librum
1585 4265 1635 4350 d‘e

248 4386 390 4474 mundi
418 4387 657 4504 systemate,
704 4393 745 4470 δι
767 4380 932 4494 reliquas
950 4383 1136 4475 librorum
1155 4385 1330 4505 priorum
1357 4381 1656 4502 propositiones-

156 4621 157 4624 Ν
249 4501 318 4589 hic
346 4505 478 4594 citatas
500 4539 570 4625 pro
590 4501 714 4592 lubitu
738 4498 934 4623 consula*

270 4795 276 4807 -
335 4741 806 4859 narrationum,
834 4735 922 4846 tn
1098 4781 1100 4784 ·
1176 4735 1253 4838 a
1373 4859 1376 4867 s
1452 4669 1646 4820 nucu
