4406 5708
600 285 672 384 358
821 281 1143 377 luoursrrro
1193 287 1434 362 Persica
1486 309 1538 364 ru
1577 284 1799 364 Causast

444 441 559 518 Car.
598 441 761 540 portubus
773 453 948 540 tantopere
973 440 1206 521 retardantur,
1224 455 1262 518 ut
1287 439 1497 542 sementibus
1525 439 1633 520 lonae
1646 441 1831 522 montibus
1859 465 1922 540 per
1935 461 2017 522 me·

463 539 549 618 VII.
602 540 766 616 ridianum
780 539 842 640 lint
854 539 1053 638 propiores,
1075 539 1260 635 qulmllli,
1281 541 1335 618 cui
1356 541 1443 618 suam
1468 539 1638 636 originem
1657 543 1808 625 debente
1835 541 1883 618 ita
1910 540 2019 620 Duo·

604 641 744 738 lterquae
765 638 854 716 circa
880 638 899 713 s
914 641 1031 736 zyqias
1050 634 1079 711 F
1081 637 1176 716 luxus
1189 641 1322 717 circiter
1341 639 1482 719 meridie
1503 639 1675 718 observari
1695 638 1789 720 solet,
1812 664 1920 738 neque
1946 665 2015 717 ve·

604 735 704 814 ronti
718 737 779 834 ipss
804 665 948 812 ῑτεηῦγωί
963 734 1067 811 Lunae
1080 757 1140 832 per
1157 740 1372 816 meridianum
1399 741 1448 816 eli
1470 739 1666 816 tribuendus
1695 737 1752 836 qui
1772 739 1894 815 eodem
1920 757 2013 814 tem·

602 859 687 934 pore
700 834 762 913 lit,
789 834 844 912 sed
859 831 1086 932 praecedenti,
1116 839 1227 932 prouti
1240 837 1417 916 succeffiva
1429 837 1663 914 retardationis
1676 835 1881 915 incrementa
1895 839 1940 914 ad
1952 837 2012 914 lit·

603 953 677 1012 tora
698 931 816 1011 Gelliae
834 937 871 1012 dc
898 929 1007 1031 Belgii
1038 935 1184 1010 borealia
1211 935 1450 1014 evidentiffime
1475 935 1647 1012 testantur.
1698 932 1814 1028 Quare
1850 936 1875 1010 li
1909 935 2010 1012 verbi

603 1033 713 1132 gratia
731 1031 957 1127 vDnnrrerquae
985 1029 1058 1130 quis
1080 1031 1263 1128 hujusmodi
1288 1035 1537 1114 observationes
1559 1033 1754 1131 perlusbare
1778 1033 1946 1114 voluerit,
1975 1032 2009 1110 is

604 1155 770 1230 quemque
780 1127 925 1208 Florum
949 1155 1019 1208 non
1032 1153 1109 1206 curn
1121 1133 1257 1209 transrtu
1276 1131 1382 1210 Lunae
1401 1157 1463 1231 per
1486 1131 1702 1208 meridianum
1724 1131 1882 1226 proximo
1903 1155 2007 1208 com-

605 1246 713 1327 paret,
739 1229 796 1304 sed
822 1251 897 1304 cum
919 1251 962 1304 eo
976 1227 1043 1328 'qui
1072 1232 1316 1328 propemodum
1346 1253 1392 1312 12.
1423 1229 1516 1308 horis
1541 1232 1620 1308 ante
1653 1229 1827 1324 contigit3
1852 1228 2007 1330 alioquin

605 1329 695 1404 enim
716 1323 884 1406 contraria
910 1327 1135 1403 Phenomena
1163 1327 1245 1406 esset
1271 1332 1544 1427 deprehensurus

654 1429 684 1521 ς
714 1431 796 1504 108.
847 1421 1055 1502 Commodus
1067 1425 1124 1500 hle
1151 1429 1250 1504 nobis
1269 1430 1438 1522 praebetur
1458 1429 1553 1504 locus
1573 1422 1767 1522 explicandi
1791 1422 1956 1502 transitum
1981 1427 2004 1500 b

603 1526 689 1602 binis
700 1523 870 1606 aestubus,
894 1521 952 1626 qui
966 1525 1117 1623 quotidie
1135 1524 1485 1624 inregionibusextra
1507 1527 1651 1602 circulos
1675 1525 1807 1622 potares
1830 1520 1897 1598 litis
1916 1545 2003 1598 eve·

601 1623 719 1706 niunt,
738 1624 784 1700 ad
797 1623 943 1720 singulos
962 1623 1084 1707 olus,
1112 1622 1168 1721 qui
1185 1621 1368 1701 secundom
1390 1627 1556 1702 theoriam
1574 1622 1721 1700 nostram
1747 1622 1782 1695 in
1804 1619 2004 1716 regionibus

599 1722 768 1818 polaribus
790 1724 990 1822 contingere
1011 1723 1152 1798 debent:
1197 1721 1369 1817 Quoniam
1393 1727 1483 1800 enim
1500 1721 1630 1798 theoria
1650 1719 1760 1796 nostra
1774 1719 1946 1802 monstret,
1961 1717 2002 1792 in

602 1819 700 1896 zonis
723 1823 913 1916 temperatis
936 1825 973 1899 dt
1008 1819 1136 1898 torrida
1173 1822 1324 1920 quotidie
1348 1823 1434 1900 duos
1452 1821 1578 1897 Fluxus
1601 1819 1769 1896 observari
1804 1818 1941 1896 debere,
1963 1816 2004 1890 in

599 1920 696 1994 zonis
719 1915 852 2014 frigidis
875 1936 986 1995 eutem
1008 1943 1108 1996 unum
1129 1937 1281 2006 tantum,
1307 1922 1456 1997 transatio
1476 1918 1643 1996 subitanea
1663 1919 1682 1989 ὲ
1705 1913 1835 1992 binario
1857 1915 1901 1988 ad
1924 1915 2003 1988 uni·

600 2033 704 2092 tatem
728 2017 872 2092 maxime
893 2017 1048 2091 mirabilis
1068 2043 1108 2096 ac
1129 2021 1302 2116 paradoxa
1320 2019 1431 2096 videri
1455 2018 1572 2114 pollet
1622 2014 1689 2094 Sed
1698 2015 1801 2114 quia,
1823 2012 1849 2090 fi
1871 2009 2002 2087 Fluxus

602 2114 671 2191 bini
699 2111 873 2192 successive
900 2114 984 2192 inter
999 2114 1029 2189 se
1051 2115 1355 2216 suntinaequales,
1388 2115 1550 2194 Reflurus
1572 2139 1670 2214 aquae
1689 2116 1742 2190 seu
1766 2113 1912 2186 maxima
1933 2110 2001 2184 de-

600 2212 718 2308 prellio
742 2209 863 2287 Fluxui
883 2211 1004 2288 minori
1024 2215 1074 2288 eli
1096 2215 1261 2299 vicinior,
1289 2217 1360 2290 bini
1391 2219 1489 2293 aestus
1516 2238 1653 2314 quoque
1678 2209 1844 2288 succellivi
1867 2209 2000 2285 ratione

598 2312 759 2410 temporis
788 2311 875 2386 inter
894 2311 926 2386 se
946 2333 1042 2386 erunt
1068 2314 1276 2412 inaequales,
1305 2315 1331 2390 fi
1361 2315 1494 2412 quidem
1523 2339 1610 2390 voce
1644 2309 1742 2386 aalide
1771 2307 2003 2418 intelligamtaa

600 2427 730 2486 motum
751 2435 771 2486 a
795 2413 889 2484 urea
916 2411 1040 2487 summe
1054 2412 1245 2491 elevatione
1263 2415 1308 2490 ad
1332 2413 1429 2488 imam
1461 2409 1705 2508 depressionem
1728 2409 1852 2506 usque,
1874 2427 1914 2478 ac
1941 2426 2001 2480 vt-

601 2508 712 2586 ciffim.
763 2433 843 2601 ὃυὸ
866 2508 978 2605 magis
994 2508 1105 2605 itaque
1124 2513 1166 2587 ab
1180 2535 1210 2585 ae
1237 2507 1480 2588 uatoreuerslrs
1499 2511 1595 2606 polos
1619 2502 1878 2612 resedatumeb
1889 2502 1999 2594 major

599 2607 868 2700 deprehendetur
886 2607 971 2683 inter
992 2606 1089 2684 binos
1103 2609 1200 2685 aelius
1213 2535 1409 2688 successivos
1426 2606 1655 2706 inaequalitas,
1679 2605 1755 2683 ciam
1770 2619 1898 2717 ratione
1920 2623 1997 2674 ma-

597 2704 783 2802 gnitudinis
801 2701 871 2780 titm
898 2707 1081 2806 temporis,
1107 2708 1212 2800 major
1236 2708 1327 2783 enim
1348 2703 1471 2784 dlutiits
1496 2704 1628 2782 durabit
1649 2709 1746 2800 quam
1769 2724 1899 2777 mmor,
1919 2721 1999 2810 atn-

595 2807 643 2882 bo
656 2804 740 2882 verb
755 2805 847 2879 srmul
869 2807 988 2904 ubique
1013 2805 1223 2882 absolventur
1242 2823 1394 2904 tempore
1415 2829 1457 2884 12
1485 2805 1667 2882 horarum,
1708 2826 1784 2880 cum
1812 2800 1873 2892 24¹
1897 2818 1997 2872 crrcr·

450 2911 456 2920 '
597 2921 675 2982 ter:
706 2901 838 3002 qubdsr
861 2905 974 2999 itaque
989 2907 1023 2977 in
1050 2927 1106 2979 eas
1131 2903 1291 2996 regiones
1308 2906 1405 3000 usque
1430 2902 1667 3000 perveniatur,
1692 2901 1727 2979 in
1754 2894 1995 3008 quibusuLuua

597 3006 739 3097 utraque
753 3000 827 3075 vice
850 3002 907 3077 vel
930 3001 1022 3097 super
1047 2999 1228 3078 horizonte
1241 3005 1296 3081 vel
1315 3005 1373 3079 sub
1386 3001 1564 3078 horizonte
1586 2998 1802 3074 meridianum
1829 3009 1995 3089 attingit,

597 3098 696 3176 aestus
710 3097 819 3170 minor
830 3095 969 3173 omnino
984 3099 1180 3183 evanescet,
1200 3099 1351 3198 solusque
1372 3100 1478 3193 major
1503 3098 1681 3190 supererit,
1706 3097 1762 3195 qui
1787 3111 1917 3192 tempus
1943 3113 1991 3166 12

596 3199 629 3273 lt.
650 3195 720 3287 24'.
745 3195 949 3292 adimplebit.
1001 3195 1055 3272 Ex
1078 3199 1195 3294 quibus
1216 3199 1422 3296 perspicuum
1437 3197 1505 3272 esi,
1532 3195 1557 3272 li
1582 3197 1677 3270 Luna
1700 3197 1822 3268 habeat
1839 3191 1992 3267 declina·

598 3297 752 3378 tionem,
776 3293 1032 3388 inaequalitatem
1047 3295 1199 3371 binorum
1212 3299 1348 3372 aestuum
1375 3293 1627 3372 successivomm
1642 3294 1687 3368 ad
1702 3293 1797 3391 polos
1821 3291 1991 3368 acceden-

580 3399 646 3474 do
669 3391 830 3471 continuit
854 3393 927 3468 lieri
951 3397 1137 3486 majorem,
1162 3409 1262 3492 atque
1275 3394 1411 3469 tandem
1436 3393 1600 3472 minorem
1623 3395 1762 3466 onn'mo
1788 3389 1989 3468 evanescere

598 3497 753 3571 debore,
774 3494 866 3588 quod
893 3488 969 3566 citm
996 3493 1137 3569 evenit,
1174 3492 1244 3566 bini
1270 3493 1366 3570 tellus
1387 3491 1420 3564 in
1444 3515 1545 3567 unum
1579 3491 1777 3568 coalezeunt.

648 3594 679 3685 §.
712 3611 789 3682 ¹09·
841 3588 1025 3683 Explicatis
1045 3590 1328 3667 anomaliisaellds
1354 3587 1464 3666 Maris
1487 3589 1683 3666 menstruis,
1708 3582 1920 3682 pervenimus
1942 3589 1990 3667 ad

598 3686 779 3765 anomaliae
793 3709 915 3760 annuas
929 3686 984 3760 vel
1007 3688 1174 3784 plusquam
1188 3714 1339 3772 annuas,
1366 3711 1406 3766 ac
1434 3711 1558 3762 nonum
1573 3688 1706 3786 quidem
1735 3686 1991 3763 Phaenomenon

597 3782 793 3861 desumimus
815 3807 860 3860 ex
884 3782 1068 3861 variatione
1091 3785 1208 3870 aestus,
1230 3789 1339 3885 quaeb
1359 3787 1497 3862 diversis
1520 3785 1625 3859 lunae
1648 3789 1667 3857 ὲ
1693 3781 1803 3858 Terra
1825 3783 1989 3862 distantiis

595 3879 820 3980 proficiscitur.
871 3879 1099 3962 Observantur
1113 3884 1199 3960 enim
1216 3887 1314 3962 aessus
1328 3886 1451 3986 ubique
1467 3888 1606 3978 majores
1625 3883 1743 3958 ceteris
1757 3879 1915 3978 peribus,
1948 3883 1985 3955 in

595 3981 711 4058 iisdem
732 3978 854 4055 scilicet
872 3978 1081 4059 luminarium
1107 3982 1289 4081 aspectibus
1308 3983 1488 4079 iisdemque
1508 3979 1810 4060 declinationibus,
1836 3977 1860 4049 st
1885 3977 1979 4051 Luna

595 4081 630 4156 in
646 4081 704 4156 suo
727 4075 875 4176 perigaeo
896 4081 1066 4166 versetur,
1094 4083 1237 4156 minores
1251 4080 1358 4165 verb,
1380 4082 1477 4156 Lunb
1492 4081 1527 4154 in
1551 4103 1697 4177 apogaeo
1718 4076 1878 4150 exiliente
1895 4167 1902 4182 ·
1926 4069 1984 4144 E-

624 4180 716 4272 regie
737 4193 846 4254 autem
873 4177 945 4253 haec
966 4179 1170 4254 conveniunt
1182 4201 1257 4254 cum
1279 4177 1392 4253 nostra
1416 4181 1571 4254 theoria,
1598 4177 1661 4272 qud
1687 4167 1984 4280 demonstravimus

595 4203 700 4353 lgounae
720 4276 805 4356 vires
831 4275 873 4350 ad
899 4277 1002 4353 Mare
1022 4277 1226 4354 movendum
1251 4277 1440 4354 decrescere
1464 4277 1501 4352 in
1523 4270 1688 4372 triplicans
1710 4267 1836 4381 ratione
1860 4265 1987 4342 drllan·

594 4373 713 4450 tiarurn
727 4371 832 4448 Lunae
854 4378 872 4448 a
892 4373 1026 4449 Terrae
1056 4373 1148 4474 qubd
1171 4373 1312 4470 frigitur
1326 4373 1419 4454 Luna
1444 4375 1588 4452 versetur
1608 4375 1642 4444 in
1667 4389 1830 4468 pertgaeo,
1853 4361 1984 4442 Fluxus'

594 4473 766 4551 debebunt
784 4469 845 4547 else
863 4473 1029 4589 maiorq‘,
1057 4474 1191 4572 quamsi
1205 4473 1301 4556 Luna
1315 4497 1494 4592 apogaeum
1508 4486 1661 4574 occupet·
1699 4463 1985 4643 P‘ae‘emffiss
