4406 5708
297 351 585 430 Fnuxos
642 366 717 424 ac
769 343 1158 424 Rernurros
1209 349 1453 432 Mente.
1545 373 1618 453 357

213 507 345 588 videtur
359 505 572 584 illostardilrs
589 503 707 585 venire
723 502 822 601 quim
848 503 921 580 hor.
973 501 1185 584 Alteraverd
1208 506 1304 582 causa
1332 531 1410 602 quae
1434 509 1501 590 hoc
1520 507 1619 590 Phae-
1651 519 1784 600 Cun'

217 629 387 682 nomenon
416 605 521 682 multo
566 599 753 680 distinato
790 602 959 700 explicat,
986 605 1136 703 nullique
1163 604 1268 684 dubio
1301 606 1412 682 locum
1449 609 1618 708 relinquit,
1675 619 1754 702 Vll,

215 705 338 781 nostrae
360 703 501 782 theoriae
515 701 657 779 omnino
675 702 723 776 esi
736 701 899 798 propria,
924 701 1094 798 priorique
1107 702 1211 800 longe
1224 705 1269 780 esi
1282 701 1500 802 praeserenda.
1552 707 1618 784 Po·

212 801 431 880 namusenim
454 823 467 875 t
493 802 556 878 elle
580 818 738 898 tempus,
766 824 833 896 quo
855 797 890 874 iu
907 799 1086 878 noviluniis
1112 821 1153 878 ac
1175 802 1363 899 pleniluniis
1396 800 1520 882 Florus
1543 809 1618 902 post

213 899 379 997 appulsum
405 901 511 980 Lunae
536 903 582 978 ad
603 895 823 974 meridianum
848 899 965 974 venire
1004 897 1111 996 solet3
1139 901 1350 1000 sequentibus
1372 901 1475 996 igitur
1501 906 1627 986 dilue

213 999 283 1076 hoc
305 1015 434 1100 tempus
459 995 662 1076 icontinub
689 996 916 1078 diminuetur,
943 993 1021 1094 quia
1043 1012 1112 1074 tum
1127 1000 1213 1079 Sol,
1239 1003 1317 1076 dum
1339 1003 1435 1080 Luna
1455 1005 1488 1079 in
1517 1003 1619 1079 rueri-

216 1095 512 1178 diano'vertuur,
536 1097 639 1173 Mare
662 1097 726 1189 jam
742 1090 925 1190 deprimit3
949 1118 1025 1191 quae
1046 1095 1225 1174 diminutio
1250 1095 1324 1174 crim
1351 1102 1447 1176 duret
1471 1101 1541 1178 serie
1564 1104 1617 1178 us·

215 1219 282 1292 que
305 1200 349 1274 ad
377 1198 615 1294 quadraturas,
632 1187 774 1274 'necesse
798 1192 847 1268 esi
871 1207 909 1268 ut
933 1192 1218 1304 hirtemporibue
1240 1195 1364 1274 Fluxus
1388 1201 1493 1276 multo
1520 1199 1616 1278 eitius

214 1293 291 1388 post
304 1295 577 1376 culminationem
593 1292 699 1369 Lunae
713 1293 910 1388 sequemur,
937 1291 1131 1390 viribusque
1154 1295 1402 1374 sollicitantibus
1417 1299 1525 1392 magia
1548 1302 1616 1375 ob-

212 1407 427 1492 temperent,
451 1389 499 1470 uri
520 1395 588 1470 hoc
609 1387 709 1467 sustin
725 1389 767 1479 ti·
790 1411 849 1484 91.
871 1385 1130 1488 explicavimus,
1150 1395 1241 1470 unde
1266 1411 1396 1491 tempus
1412 1397 1617 1474 retardatio-

213 1488 322 1568 nisio
348 1492 556 1596 quadraturis
576 1505 704 1572 tantum
727 1484 789 1563 erit
814 1501 912 1564 Μ
937 1485 1017 1568 Post
1040 1491 1256 1589 quadraturas
1290 1511 1403 1570 autern
1426 1495 1484 1572 Sol
1508 1497 1631 1588 exerit

214 1593 420 1670 contrarium
441 1591 623 1676 etenum,
649 1606 750 1686 atque
770 1589 952 1668 adventum
975 1589 1100 1666 Fluxds
1126 1589 1289 1670 continub
1313 1593 1420 1691 magis
1444 1595 1617 1682 retardat,

214 1689 318 1787 idque
341 1692 463 1791 aequali
491 1693 624 1769 modo,
647 1712 715 1789 quo
737 1689 815 1764 anti
836 1692 1103 1773 acceleraverat,
1130 1714 1173 1766 ex
1198 1715 1266 1789 quo
1288 1691 1452 1788 usquead
1476 1695 1617 1792 sequen·
1747 1759 1751 1764 .

214 1804 285 1862 tern
303 1791 476 1892 syzygiam
499 1789 710 1870 intervallum
725 1804 737 1856 t
750 1819 790 1834 -
810 1797 823 1844 θ
843 1788 960 1864 iterum
986 1789 1030 1864 ad
1052 1807 1065 1856 t
1087 1787 1189 1884 usque
1208 1793 1393 1886 augebitur.
1447 1791 1617 1890 Huiusque

213 1881 434 1966 Phaenomeni
457 1889 556 1966 solius
580 1884 764 1984 explicatio
785 1886 933 1963 sufficere
950 1885 1054 1984 posset
1073 1885 1117 1960 ad
1141 1887 1316 1966 veritatem
1337 1891 1477 1970 theoriae
1495 1891 1619 1968 nostrae

101 2063 106 2074 ,
216 1986 455 2075 evincendam,
470 1986 547 2065 cittn
562 1989 598 2063 id
612 1985 768 2062 omnibus
780 1984 852 2062 aliis
864 1985 1004 2062 theoriis
1030 1982 1200 2082 explicatu
1211 1987 1250 2061 stt
1277 1987 1519 2088 insuperabile3
1557 2014 1617 2066 ne·

215 2111 282 2186 que
306 2093 326 2164 ὲ
352 2089 484 2164 nemine
506 2089 616 2164 adhuc
647 2087 761 2163 saltem
786 2083 968 2181 probabilis
996 2087 1065 2179 ejus
1089 2083 1185 2163 causa
1205 2085 1244 2160 sit
1273 2085 1442 2185 aliignata.

264 2190 296 2282 §.
328 2209 408 2282 107.
459 2187 631 2264 Odiavum
647 2186 899 2264 Pbaenomenon
912 2199 1063 2281 petamus
1080 2208 1123 2260 ex
1149 2184 1373 2280 inaequalitate
1386 2190 1528 2264 duorum
1542 2181 1619 2262 Flu·

215 2310 319 2363 xuum
338 2287 406 2362 sese
428 2283 620 2360 immediate
642 2285 910 2382 insequeniurn,
946 2307 1087 2380 quorum
1115 2282 1197 2358 alter
1215 2285 1363 2360 transitui
1388 2284 1493 2361 Lunae
1522 2287 1618 2376 supe·

213 2382 297 2458 riori
320 2406 379 2477 per
403 2383 623 2459 meridianum
643 2383 842 2482 respondet,
864 2381 946 2454 alter
968 2378 1137 2465 inferiori,
1160 2405 1235 2479 quae
1257 2381 1461 2483 inaequalitas
1472 2382 1616 2460 maxime

215 2481 411 2560 observatur
424 2480 458 2555 in
469 2481 665 2578 regionibus
681 2485 725 2556 ab
749 2497 920 2578 aequatore
944 2481 1082 2558 multum
1096 2480 1255 2566 remotis,
1272 2499 1389 2558 actum
1408 2482 1484 2560 clun
1509 2484 1617 2559 Lunae

216 2580 399 2658 declinatio
408 2579 456 2657 esi
467 2579 623 2659 maxima.
672 2577 825 2656 Theoria
847 2577 982 2676 quidem
1000 2579 1149 2656 declarat
1167 2578 1323 2664 Lunam,
1348 2579 1522 2658 etiamstin
1545 2578 1615 2674 ipso

215 2699 392 2776 aequatore
407 2679 554 2758 versetur
563 2673 579 2760 ',
600 2693 712 2754 tamen
723 2679 840 2772 majori
858 2675 893 2751 vi
907 2677 1057 2772 gaudere
1081 2679 1126 2754 ad
1137 2676 1238 2754 Mare
1256 2682 1488 2758 movendum,
1510 2698 1616 2777 quan·

134 2865 137 2872 Ι
217 2773 265 2852 do
295 2781 390 2877 super
424 2777 601 2852 horizonte
632 2775 849 2854 meridianum
870 2777 1049 2873 attingit,
1069 2778 1169 2877 quim
1200 2774 1286 2855 insra
1319 2777 1558 2876 horizontem3
1582 2790 1617 2851 at

217 2876 394 2954 discrimen
420 2876 479 2953 sub
505 2889 676 2972 aequatore
702 2891 771 2952 tam
796 2875 844 2950 esi
872 2872 1060 2971 exiguum,
1108 2892 1143 2948 ut
1178 2875 1238 2952 vix
1278 2877 1313 2951 in
1349 2876 1456 2956 sensus
1492 2897 1617 2952 occut-

217 3001 291 3052 rere
314 2993 440 3076 queat,
463 2976 630 3069 integrum
655 2977 746 3053 enim
767 2973 911 3070 digitum
928 2999 997 3050 non
1010 2973 1172 3071 attingit(
1188 2977 1220 3064 §-
1237 2999 1294 3072 41.
1322 2979 1367 3074 >3
1391 2994 1492 3076 atque
1510 2972 1545 3047 in
1563 2994 1618 3047 re·

217 3073 375 3170 gionibus
388 3079 430 3152 ab
443 3087 613 3172 aequatore
632 3075 770 3152 remotis
791 3071 828 3147 fit
855 3071 961 3150 multb
988 3075 1104 3152 minus.
1157 3073 1248 3150 Vera
1274 3072 1374 3172 igitur
1398 3077 1493 3170 hujus
1518 3071 1617 3154 Ptaee

217 3172 354 3248 numeni
380 3171 467 3250 ratio
500 3171 535 3248 in
562 3171 734 3252 altitudine
765 3170 871 3249 Lunae
901 3171 1084 3248 meridiana
1103 3171 1156 3246 seu
1186 3173 1340 3252 distantia
1360 3177 1403 3250 ab
1433 3170 1616 3249 horizonte

213 3272 428 3360 continetur3
455 3271 643 3350 hinc'enim
665 3271 809 3372 sequitur
833 3267 901 3368 qud
924 3271 1030 3361 major
1054 3267 1154 3345 suerit
1179 3267 1366 3348 differentia
1387 3270 1473 3350 inter
1489 3269 1617 3344 distan·
1714 3320 1719 3334 ,

214 3368 276 3442 tias
288 3367 395 3445 Lunae
413 3373 455 3444 ab
472 3370 664 3454 horizonte,
679 3371 759 3446 dum
783 3393 842 3466 per
866 3368 1085 3445 meridianum
1110 3369 1221 3443 transit
1246 3387 1315 3445 tum
1337 3367 1431 3464 super
1452 3365 1618 3443 horizon-

215 3483 249 3540 te
273 3485 343 3542 tum
364 3469 422 3542 sub
445 3468 648 3551 horizonte,
674 3467 719 3545 εὸ
740 3468 900 3562 majorem
920 3466 981 3544 else
1008 3469 1133 3544 debere
1159 3465 1378 3540 differentiam
1407 3466 1493 3541 in'ter
1519 3465 1618 3544 binos

216 3561 342 3643 Fluxus
356 3565 572 3654 successivos,
596 3592 640 3644 ex
659 3589 727 3665 quo
749 3565 955 3673 perspicuum
977 3565 1025 3644 est
1052 3567 1145 3642 islam
1171 3562 1391 3643 disserentium
1407 3559 1527 3644 :versis
1551 3589 1619 3660 po-

216 3659 269 3736 los
287 3663 610 3744 conrinubcrescere
623 3669 758 3752 debere,
772 3667 797 3742 st
811 3665 947 3763 quidem
965 3663 1060 3742 Luna
1075 3665 1197 3741 habeat
1213 3663 1484 3740 declinationem.
1512 3658 1620 3754 Quod

216 3757 343 3853 fiergo
365 3759 461 3836 Luna
483 3765 634 3860 habuerit
659 3765 918 3845 declinationem
942 3762 1138 3844 borealem,
1165 3777 1236 3836 turn
1266 3761 1299 3835 in
1327 3761 1521 3860 regionibus
1547 3759 1619 3860 sep-

215 3855 469 3936 tentrionalibus
495 3858 524 3933 F
525 3863 620 3938 luxus
633 3863 694 3940 erit
717 3865 822 3956 major
836 3859 894 3959 qui
918 3862 1088 3939 transtrum
1113 3858 1218 3934 Lunae
1232 3867 1299 3971 {per
1328 3861 1546 3937 meridianum
1573 3861 1620 3936 su·

217 3957 384 4053 petionem
400 3956 570 4054 sequitur,
597 3961 680 4038 alter
702 3959 787 4040 verb
800 3959 964 4058 sequens,
990 3960 1047 4058 qui
1069 3955 1217 4034 transitui
1242 3953 1393 4035 inferiori
1417 3959 1618 4052 respondet,

216 4053 337 4130 minor.
388 4052 515 4130 Contra
539 4072 651 4134 autem
678 4060 703 4135 sr
732 4061 837 4134 Lunae
860 4058 1037 4136 declinatio
1056 4053 1158 4132 fiterit
1185 4053 1357 4138 australis,
1385 4053 1532 4154 appulsui
1551 4052 1620 4130 Lu·

217 4173 272 4228 nac
296 4153 342 4230 ad
369 4153 588 4231 meridianum
610 4155 769 4256 superiori
788 4153 916 4235 Florus
936 4153 1238 4237 succedentum,
1267 4152 1417 4235 inferiori
1442 4149 1526 4232 verb
1547 4175 1620 4229 tna·

218 4249 297 4342 jora
321 4251 474 4354 hancque
498 4249 719 4332 differentiam
743 4257 953 4345 Flamliedivs
983 4254 1170 4334 observavit
1200 4251 1402 4349 diligenter,
1427 4252 1621 4346 nullumque

219 4345 270 4420 est
282 4349 440 4436 dubium,
464 4353 546 4452 quin
557 4375 598 4430 ea
613 4379 672 4452 per
693 4353 925 4453 coptofiffinas
940 4352 1217 4436 observationes,
1243 4373 1325 4447 quas
1348 4350 1621 4430 Academiam,

93 4455 101 4468 ⁸
220 4442 396 4522 seberrima
407 4447 517 4548 Regia
536 4451 681 4533 Patisrna
704 4455 872 4552 collegit,
909 4454 1047 4529 omnino
1072 4449 1298 4530 confirmetur.
1348 4447 1387 4527 Iu
1412 4449 1481 4528 boc
1509 4467 1620 4528 autem

221 4543 366 4716 neglttho
389 4545 524 4721 wer
544 4549 711 4634 Fluxuuur
736 4557 842 4654 probe
866 4550 917 4724 εξ
939 4551 1173 4654 inspiciendo,
1199 4547 1359 4661 voiliam
1390 4549 1552 4651 aliquibus
1584 4549 1620 4622 11²

303 4667 363 4720 ome
478 4703 488 4728 0
942 4671 965 4730 z
1544 4667 1622 4740 por*
